Date,Revenue
11/27/22,14358617.12
11/26/22,11674337.02
11/25/22,13127718.39
11/24/22,13846331.45
11/23/22,15202435.49
11/22/22,12966806.15
11/21/22,13533870.26
11/20/22,15982750.02
11/19/22,15732345.43
11/18/22,15266118.62
11/17/22,15097004.52
11/16/22,16237808.61
11/15/22,16924308.16
11/14/22,13223056.12
11/13/22,13715309.64
11/12/22,17874099.04
11/11/22,14900952.89
11/10/22,15963715.77
11/9/22,16756916.9
11/8/22,20378818.58
11/7/22,19052783.2
11/6/22,18479806
11/5/22,20477935.25
11/4/22,17095479.29
11/3/22,21427249.23
11/2/22,15923465.1
11/1/22,19035680.24
10/31/22,22491183.83
10/30/22,17765496.38
10/29/22,18889102.55
10/28/22,20657842.56
10/27/22,17781054.47
10/26/22,20391787.5
10/25/22,15262936.71
10/24/22,16704131.75
10/23/22,18817002.9
10/22/22,16486650.38
10/21/22,18823653.63
10/20/22,17832142.51
10/19/22,18709672.39
10/18/22,17605946.97
10/17/22,18438405.72
10/16/22,17640377.3
10/15/22,18603429.73
10/14/22,19349674.9
10/13/22,17339850.42
10/12/22,16543247.31
10/11/22,19592269.93
10/10/22,20456350.29
10/9/22,19801812.92
10/8/22,21693311.54
10/7/22,21329735.83
10/6/22,20238933
10/5/22,22220525.21
10/4/22,20497223.57
10/3/22,18822692.57
10/2/22,19049496.73
10/1/22,22356100.36
9/30/22,20961626.89
9/29/22,17625877.85
9/28/22,18194817.84
9/27/22,16499416.48
9/26/22,18586164.08
9/25/22,18123081.63
9/24/22,17641158.58
9/23/22,16388196.05
9/22/22,15405709.41
9/21/22,17044371.76
9/20/22,18547287.28
9/19/22,15916507.71
9/18/22,19614731.43
9/17/22,22046267.35
9/16/22,16155813.97
9/15/22,18722547.16
9/14/22,16390122.37
9/13/22,18880378.14
9/12/22,21457966.19
9/11/22,25190836.06
9/10/22,21254611.33
9/9/22,19406879.31
9/8/22,15580902.15
9/7/22,17522524.68
9/6/22,17711313.57
9/5/22,19217857.63
9/4/22,21001414.01
9/3/22,18503841.81
9/2/22,16573004.97
9/1/22,17519322.33
8/31/22,18973801.68
8/30/22,20898311.57
8/29/22,19815545.49
8/28/22,20531551.54
8/27/22,18417353.54
8/26/22,23607458.78
8/25/22,21711435.86
8/24/22,19789812.78
8/23/22,23241671.1
8/22/22,20049502.86
8/21/22,19658711.45
8/20/22,19906048.08
8/19/22,24646037.77
8/18/22,21426691.81
8/17/22,19823143.47
8/16/22,22451185.12
8/15/22,22246761.58
8/14/22,20561929.59
8/13/22,21597981.29
8/12/22,23487535.55
8/11/22,21798985.53
8/10/22,22048657.03
8/9/22,21500771.45
8/8/22,22072627.09
8/7/22,23450786.35
8/6/22,23640706.63
8/5/22,22040552.56
8/4/22,19247521.08
8/3/22,21334680.7
8/2/22,22887535.79
8/1/22,20057094.22
7/31/22,22797365.36
7/30/22,19669633.43
7/29/22,22164587.54
7/28/22,21195787.99
7/27/22,22439607.33
7/26/22,21346601.63
7/25/22,20068081.04
7/24/22,22447659.67
7/23/22,21918540.33
7/22/22,19591278.21
7/21/22,20768206.56
7/20/22,19141473.22
7/19/22,19972141.11
7/18/22,18303796.24
7/17/22,17327703.1
7/16/22,19644545.7
7/15/22,18967211.44
7/14/22,16308882.03
7/13/22,13928315.14
7/12/22,19253095.53
7/11/22,16078738.29
7/10/22,20789681.39
7/9/22,18735674.27
7/8/22,20610085.03
7/7/22,20869123.26
7/6/22,16778177.28
7/5/22,15144619.1
7/4/22,17710446.53
7/3/22,18764021.98
7/2/22,16848775.52
7/1/22,16732216.52
6/30/22,20986948.24
6/29/22,19294230.34
6/28/22,19472210.9
6/27/22,18196705.12
6/26/22,18725062.51
6/25/22,20329812.48
6/24/22,17574926.42
6/23/22,20024451.81
6/22/22,16701527.5
6/21/22,20006142.94
6/20/22,17360898.52
6/19/22,16242774.01
6/18/22,19163215.15
6/17/22,14401300.63
6/16/22,16428520.67
6/15/22,22563087.38
6/14/22,20795095.68
6/13/22,21082032.12
6/12/22,22570359.74
6/11/22,28151998.79
6/10/22,27700978.42
6/9/22,27926688.31
6/8/22,34287068.16
6/7/22,30734883.34
6/6/22,30106422.18
6/5/22,27875286.5
6/4/22,26568669.48
6/3/22,27375084.12
6/2/22,24078261.13
6/1/22,27036571.02
5/31/22,29372134.96
5/30/22,29800801.82
5/29/22,27414129.74
5/28/22,27065998.55
5/27/22,25425348.72
5/26/22,26482376.46
5/25/22,27361186.72
5/24/22,22433703.22
5/23/22,30625921.21
5/22/22,23009314.63
5/21/22,25484061.48
5/20/22,24396025.32
5/19/22,23435982.24
5/18/22,25306893.24
5/17/22,28397876.91
5/16/22,31772670.37
5/15/22,24578778.36
5/14/22,26686030.01
5/13/22,29699309.99
5/12/22,24910276.04
5/11/22,28343738.79
5/10/22,30465538.02
5/9/22,32281111.72
5/8/22,33974516.55
5/7/22,32602912.27
5/6/22,33183643.8
5/5/22,38641030.36
5/4/22,35874583.44
5/3/22,36261069.13
5/2/22,39108990.57
5/1/22,40525650.9
4/30/22,37031311.35
4/29/22,37250318.23
4/28/22,33133353.77
4/27/22,42682531.78
4/26/22,35239242.86
4/25/22,40289919.58
4/24/22,42636545.76
4/23/22,40745768.89
4/22/22,34361884.54
4/21/22,44502886.44
4/20/22,41826936.38
4/19/22,32209953.67
4/18/22,33554776.28
4/17/22,41812904.43
4/16/22,34087053.88
4/15/22,40084844.39
4/14/22,35605625.48
4/13/22,35934245.39
4/12/22,38608644.81
4/11/22,35801153.76
4/10/22,37708697.09
4/9/22,40940631.08
4/8/22,37320148.67
4/7/22,38455362.06
4/6/22,42945671.13
4/5/22,43133876.23
4/4/22,46006388.37
4/3/22,40719203.4
4/2/22,40410667.78
4/1/22,40957428.26
3/31/22,41070779.19
3/30/22,40379135.26
3/29/22,45330581.01
3/28/22,47542865.06
3/27/22,37615484.29
3/26/22,45600899.42
3/25/22,43756450.86
3/24/22,39187876.83
3/23/22,38783180.02
3/22/22,39888938.44
3/21/22,39709506.74
3/20/22,40348467.98
3/19/22,40889732.8
3/18/22,36959271.78
3/17/22,41116830.89
3/16/22,39891546.92
3/15/22,34327601.18
3/14/22,37379620.93
3/13/22,37950813.21
3/12/22,38434246.1
3/11/22,34515891.55
3/10/22,36518474.15
3/9/22,36284340.42
3/8/22,36210238.4
3/7/22,35836828.33
3/6/22,32347699.63
3/5/22,31045143.39
3/4/22,36333926.06
3/3/22,40853667.55
3/2/22,38804384.27
3/1/22,45022611.38
2/28/22,38215480.8
2/27/22,33197207.98
2/26/22,33937773.78
2/25/22,33004416.88
2/24/22,30647564.87
2/23/22,36162771.65
2/22/22,36863634.74
2/21/22,30026576.04
2/20/22,35174070.58
2/19/22,37609546.8
2/18/22,34237766.89
2/17/22,42514659.43
2/16/22,43917652.27
2/15/22,48533029.99
2/14/22,40840022.97
2/13/22,42217994.28
2/12/22,50024191
2/11/22,39575264.29
2/10/22,41628004.66
2/9/22,39687367.62
2/8/22,43425193.84
2/7/22,37290363.05
2/6/22,40981670.3
2/5/22,31486890.21
2/4/22,31845046.92
2/3/22,34674721.34
2/2/22,36860308.93
2/1/22,37673152.99
1/31/22,34119747.25
1/30/22,35525578.69
1/29/22,35684124.96
1/28/22,36132765.51
1/27/22,30227465.24
1/26/22,31353367.59
1/25/22,35087221.53
1/24/22,33828656.38
1/23/22,31485076.14
1/22/22,30110451.2
1/21/22,32978968.48
1/20/22,46535284.66
1/19/22,46790137.07
1/18/22,36125898.01
1/17/22,43763608.22
1/16/22,47466219.96
1/15/22,45035758.87
1/14/22,42691914.99
1/13/22,49600693.78
1/12/22,37614100.69
1/11/22,41815945.09
1/10/22,37634287.25
1/9/22,37068053.16
1/8/22,37777816.27
1/7/22,38347303.45
1/6/22,40297229.2
1/5/22,43723000.84
1/4/22,43285514.64
1/3/22,41960366.09
1/2/22,48206934.99
1/1/22,50149010.75
12/31/21,44744369.16
12/30/21,35335901.08
12/29/21,43919738.5
12/28/21,43360200.31
12/27/21,47659524.98
12/26/21,42660691.9
12/25/21,47109105.27
12/24/21,49180777.12
12/23/21,47340546.69
12/22/21,45795454.37
12/21/21,48349569.82
12/20/21,42533811.44
12/19/21,44556197.85
12/18/21,37344542.96
12/17/21,45001267.21
12/16/21,35647706.32
12/15/21,43208574.52
12/14/21,44651133.47
12/13/21,43671664.55
12/12/21,43658657.59
12/11/21,46068658.14
12/10/21,47537565.14
12/9/21,50546267.61
12/8/21,53150535.42
12/7/21,49684990.71
12/6/21,53085916.58
12/5/21,52043857.44
12/4/21,48318140.2
12/3/21,60163624.38
12/2/21,56025370.8
12/1/21,50326073.91
11/30/21,48794504.36
11/29/21,52131631.56
11/28/21,47788162.45
11/27/21,49251516.2
11/26/21,46589569.53
11/25/21,48130860.02
11/24/21,57141084.07
11/23/21,48326099.81
11/22/21,51325923.63
11/21/21,50108593.38
11/20/21,53936028.21
11/19/21,49667132.61
11/18/21,53828907.24
11/17/21,56531418.52
11/16/21,58617039.19
11/15/21,63153343.38
11/14/21,65428799.07
11/13/21,62698179.56
11/12/21,57924016.81
11/11/21,65183349.25
11/10/21,63548112.52
11/9/21,65840419.26
11/8/21,57270493.49
11/7/21,60030049.95
11/6/21,59379244.68
11/5/21,60649721.92
11/4/21,56277841.55
11/3/21,64240988.99
11/2/21,62861190.13
11/1/21,57638512.19
10/31/21,53663037.31
10/30/21,60386548.97
10/29/21,68395070.24
10/28/21,58309865.55
10/27/21,59080371.71
10/26/21,59364122.89
10/25/21,74417752.59
10/24/21,58596760.65
10/23/21,56004608.35
10/22/21,63205405.9
10/21/21,60807152.15
10/20/21,61742492.21
10/19/21,61804734.86
10/18/21,58173901.82
10/17/21,61555796.56
10/16/21,51917022.71
10/15/21,54670343.84
10/14/21,51775839.06
10/13/21,60196305.45
10/12/21,48626582.28
10/11/21,52898159.5
10/10/21,55625852.15
10/9/21,52134455.44
10/8/21,41966394.78
10/7/21,49405388.01
10/6/21,43942894.7
10/5/21,52076953.34
10/4/21,47639372.83
10/3/21,45436120.54
10/2/21,56739068.28
10/1/21,40884975.74
9/30/21,46789306.05
9/29/21,34503900.23
9/28/21,40399023.49
9/27/21,43218816.61
9/26/21,38084247.82
9/25/21,38679199.26
9/24/21,40572791.53
9/23/21,46022168.08
9/22/21,36087715.34
9/21/21,33328734.04
9/20/21,46493150.41
9/19/21,48131991.96
9/18/21,47817679.6
9/17/21,45000740.71
9/16/21,41447857.66
9/15/21,43026873.4
9/14/21,49469863.81
9/13/21,45344744.03
9/12/21,42869858.34
9/11/21,42455401.02
9/10/21,39761194.03
9/9/21,40368816.13
9/8/21,41770433.46
9/7/21,50271634.78
9/6/21,57266555.77
9/5/21,52134864.52
9/4/21,49149539.31
9/3/21,47116728.86
9/2/21,47307177.3
9/1/21,41665458.82
8/31/21,43189750.75
8/30/21,41207632.5
8/29/21,48550300.1
8/28/21,43653820.95
8/27/21,44045251.7
8/26/21,44344740.94
8/25/21,48840322.24
8/24/21,48446097.44
8/23/21,62783444.84
8/22/21,50723143.43
8/21/21,52705962.51
8/20/21,48449546.19
8/19/21,44064382.99
8/18/21,38733931.86
8/17/21,51238797.93
8/16/21,47962042.26
8/15/21,53211493.46
8/14/21,48765927.54
8/13/21,42018438.48
8/12/21,42929376.78
8/11/21,42939210.62
8/10/21,48233368.67
8/9/21,43228448.22
8/8/21,44179354.82
8/7/21,45850268.79
8/6/21,41573126.86
8/5/21,39935192.17
8/4/21,33520445.17
8/3/21,41637592.38
8/2/21,35937889.13
8/1/21,40874038.11
7/31/21,41621939.12
7/30/21,42087445.19
7/29/21,40901817.9
7/28/21,39723886.33
7/27/21,40625844.54
7/26/21,36493145.88
7/25/21,33196893.29
7/24/21,33022007.46
7/23/21,27972459.85
7/22/21,32359585.96
7/21/21,28599770.53
7/20/21,23622405.81
7/19/21,33665753.26
7/18/21,28985344.27
7/17/21,28583415.04
7/16/21,30312671.3
7/15/21,26360965.37
7/14/21,35713899.1
7/13/21,28926080.15
7/12/21,27887294.47
7/11/21,27450462.49
7/10/21,34562838.34
7/9/21,28042394.09
7/8/21,29946768.13
7/7/21,27871474.46
7/6/21,31922406.81
7/5/21,29781454.42
7/4/21,26850966.69
7/3/21,29286315.16
7/2/21,20787750.55
7/1/21,22482193.6
6/30/21,21597056.01
6/29/21,21860395.24
6/28/21,20581265.56
6/27/21,13064509.93
6/26/21,18459502.49
6/25/21,24364896.16
6/24/21,23766132.39
6/23/21,23621428.33
6/22/21,19804046.13
6/21/21,23126700.28
6/20/21,23743052.1
6/19/21,23856840
6/18/21,29858234.32
6/17/21,32585835.14
6/16/21,31780141.8
6/15/21,34465050.94
6/14/21,36421303.12
6/13/21,31382108.55
6/12/21,31189778.56
6/11/21,25753794.51
6/10/21,28990968.61
6/9/21,29082024.73
6/8/21,31680869.7
6/7/21,32065211.21
6/6/21,34551597.29
6/5/21,31004148.54
6/4/21,32433139.61
6/3/21,37237145.29
6/2/21,41033277.74
6/1/21,34238305.82
5/31/21,33914623.68
5/30/21,33235125.09
5/29/21,27237217.14
5/28/21,29892496.44
5/27/21,30872457.37
5/26/21,32976616.14
5/25/21,32577927.95
5/24/21,32668797.24
5/23/21,28944158.98
5/22/21,31076144.88
5/21/21,31984319.4
5/20/21,33135536.44
5/19/21,36558890.15
5/18/21,30628667.24
5/17/21,36875391.37
5/16/21,41709082.88
5/15/21,41386831.59
5/14/21,45652932.82
5/13/21,53650242.51
5/12/21,64585949.48
5/11/21,64607298.4
5/10/21,71072062.5
5/9/21,71465404.02
5/8/21,67678884.92
5/7/21,71663298.61
5/6/21,66659326.28
5/5/21,61161963.09
5/4/21,68034176.3
5/3/21,71252796.33
5/2/21,70637245.5
5/1/21,56995422.31
4/30/21,59389761.3
4/29/21,48848197.6
4/28/21,56029341.16
4/27/21,57182089.26
4/26/21,47389587.56
4/25/21,49453312.87
4/24/21,53877732.97
4/23/21,55567384.89
4/22/21,64293952.91
4/21/21,49225543.81
4/20/21,62004693.81
4/19/21,47180246.47
4/18/21,57721965.52
4/17/21,45028087.59
4/16/21,48356808.52
4/15/21,80172244.97
4/14/21,63141327.4
4/13/21,61441759.04
4/12/21,59662203.18
4/11/21,58799840.66
4/10/21,64092742.42
4/9/21,62936805.51
4/8/21,53025106.54
4/7/21,61699929.4
4/6/21,58865753.67
4/5/21,62213130.42
4/4/21,56501558.98
4/3/21,54056516.12
4/2/21,57243512.86
4/1/21,58722692.66
3/31/21,63698731.01
3/30/21,58978791.98
3/29/21,59732041.29
3/28/21,58772016.35
3/27/21,59212965.3
3/26/21,49554041.06
3/25/21,55913485.58
3/24/21,56905120.73
3/23/21,60904323.72
3/22/21,58540676.98
3/21/21,60066262.68
3/20/21,61522483.5
3/19/21,61617467.95
3/18/21,64386085.97
3/17/21,54456146.88
3/16/21,57657199.42
3/15/21,59673362.69
3/14/21,64756375.03
3/13/21,59410978.33
3/12/21,60000114.24
3/11/21,52736912.57
3/10/21,57652864.48
3/9/21,52888356.46
3/8/21,53803631.22
3/7/21,49451162.5
3/6/21,49711918.89
3/5/21,49815984.01
3/4/21,45722350.32
3/3/21,55147754.83
3/2/21,50567917.71
3/1/21,44513744.1
2/28/21,40396048.68
2/27/21,51148405.65
2/26/21,47395143.8
2/25/21,57792548.42
2/24/21,59746178.58
2/23/21,48487887.64
2/22/21,52905473.9
2/21/21,57635434.79
2/20/21,59691256.69
2/19/21,59244126.44
2/18/21,53678746.91
2/17/21,51285528.64
2/16/21,42832906.96
2/15/21,51761591.28
2/14/21,50339561.18
2/13/21,53952453.19
2/12/21,53308083.08
2/11/21,47377470.06
2/10/21,49429153.26
2/9/21,51636507.5
2/8/21,48670642.8
2/7/21,41085629.48
2/6/21,45346981.33
2/5/21,45671119.75
2/4/21,43879560.22
2/3/21,39131400.44
2/2/21,38671645.46
2/1/21,30096215.73
1/31/21,33412205.27
1/30/21,33651946.62
1/29/21,39455373.63
1/28/21,32031715.88
1/27/21,30148573.7
1/26/21,35209827.73
1/25/21,33137293.92
1/24/21,30284997.16
1/23/21,33751644.51
1/22/21,31865792.14
1/21/21,30287474.72
1/20/21,34297105.94
1/19/21,38439879.38
1/18/21,36250411.75
1/17/21,31937013.52
1/16/21,38126679.7
1/15/21,41733817.69
1/14/21,42518141.32
1/13/21,37493720.35
1/12/21,38534703.86
1/11/21,37697672.11
1/10/21,43171347.78
1/9/21,40693122.11
1/8/21,42358095.26
1/7/21,45226287.01
1/6/21,43004565.11
1/5/21,35314776.48
1/4/21,39752808.81
1/3/21,35922359.22
1/2/21,31908499.94
1/1/21,29068047.03
12/31/20,33284139.09
12/30/20,33896444.42
12/29/20,28221057.09
12/28/20,29968235.31
12/27/20,27533619.89
12/26/20,23722327.94
12/25/20,23792132.99
12/24/20,20751169.5
12/23/20,26038110.23
12/22/20,23995220.12
12/21/20,23298120.99
12/20/20,24027162.61
12/19/20,25884376.31
12/18/20,27241477.88
12/17/20,22338873.25
12/16/20,19816346.53
12/15/20,18584575.84
12/14/20,18516458.63
12/13/20,19661607.52
12/12/20,16396977.02
12/11/20,16978667.13
12/10/20,16448918.98
12/9/20,17187411.94
12/8/20,18941288.64
12/7/20,19343628.02
12/6/20,17217876.55
12/5/20,18632287.72
12/4/20,19296507.66
12/3/20,21762338.79
12/2/20,18291019.91
12/1/20,21143567.33
11/30/20,14684437.14
11/29/20,18023228.16
11/28/20,17630656.51
11/27/20,17988301.56
11/26/20,18340061.79
11/25/20,20363512.96
11/24/20,17683648.93
11/23/20,18011288.39
11/22/20,20906345.74
11/21/20,20655875.92
11/20/20,20641618.89
11/19/20,16988027.06
11/18/20,21194109.32
11/17/20,18324640
11/16/20,17711414.83
11/15/20,15662707.44
11/14/20,15597257.88
11/13/20,16032046.44
11/12/20,17804675.56
11/11/20,16020485.03
11/10/20,16459647.09
11/9/20,20216887.39
11/8/20,15148276.02
11/7/20,16132958.56
11/6/20,18889243.16
11/5/20,20893224.44
11/4/20,16641138.13
11/3/20,15826226.37
11/2/20,10902576.26
11/1/20,13377441.18
10/31/20,13341986.85
10/30/20,12828892.04
10/29/20,12458484.39
10/28/20,11446509.26
10/27/20,10871089.34
10/26/20,10435984.48
10/25/20,10397996.38
10/24/20,13768787.57
10/23/20,12640081.1
10/22/20,13585268.79
10/21/20,11562043.14
10/20/20,11710523.41
10/19/20,9776921.355
10/18/20,8982105.737
10/17/20,11674223.52
10/16/20,11742282.09
10/15/20,11814116.19
10/14/20,11605343.5
10/13/20,12872175.63
10/12/20,11515021.1
10/11/20,10659930.88
10/10/20,11127194.86
10/9/20,10965183.36
10/8/20,12084850.91
10/7/20,11193916.29
10/6/20,10054284.61
10/5/20,10710768.43
10/4/20,11055916.22
10/3/20,10855303.17
10/2/20,10232863.85
10/1/20,9416443.243
9/30/20,11484361.34
9/29/20,10337349.26
9/28/20,9531618.971
9/27/20,10713359.14
9/26/20,10759364.73
9/25/20,12502201.35
9/24/20,9928235.839
9/23/20,10252434.96
9/22/20,9208013.415
9/21/20,10351909.52
9/20/20,10041684.8
9/19/20,10777756.11
9/18/20,12027086.74
9/17/20,12881875.6
9/16/20,11397006.21
9/15/20,11329376.27
9/14/20,12485219.77
9/13/20,11038733.64
9/12/20,11755971.41
9/11/20,9984827.137
9/10/20,11342158.76
9/9/20,10385265.13
9/8/20,10676168.87
9/7/20,12203310.68
9/6/20,10418304.67
9/5/20,10426131.58
9/4/20,10521917.64
9/3/20,10387319.33
9/2/20,12071209.2
9/1/20,12943722.05
8/31/20,12191565.47
8/30/20,9959939.365
8/29/20,11257775.01
8/28/20,13003916.08
8/27/20,10690122.01
8/26/20,11345447.78
8/25/20,10414543.57
8/24/20,11845489.15
8/23/20,12250514.72
8/22/20,11060458.29
8/21/20,12988330.81
8/20/20,12309250.39
8/19/20,11920459.63
8/18/20,12747409.95
8/17/20,10390360.22
8/16/20,12130221.32
8/15/20,12537672.54
8/14/20,13709961.99
8/13/20,11879252.3
8/12/20,12684820.61
8/11/20,12966824.45
8/10/20,11774383.19
8/9/20,12105371.36
8/8/20,11292366.65
8/7/20,12898632.94
8/6/20,13771270.44
8/5/20,10806917.39
8/4/20,11438679.08
8/3/20,12873862.58
8/2/20,11205874.85
8/1/20,11439834.23
7/31/20,12639960.42
7/30/20,11301864.7
7/29/20,12189404.75
7/28/20,12037341.11
7/27/20,11099308.3
7/26/20,10587041.6
7/25/20,9515131.312
7/24/20,10810915.04
7/23/20,9402091.579
7/22/20,9764974.368
7/21/20,8215338.734
7/20/20,8809861.149
7/19/20,8030628.817
7/18/20,8257260.544
7/17/20,7439212.406
7/16/20,8476261.345
7/15/20,8552242.709
7/14/20,9003009.805
7/13/20,8910800.363
7/12/20,9012154.571
7/11/20,9308390.998
7/10/20,9821730.664
7/9/20,10324012.45
7/8/20,9269106.007
7/7/20,9827305.846
7/6/20,9573702.526
7/5/20,9453537.181
7/4/20,9203934.106
7/3/20,9873738.207
7/2/20,9907317.704
7/1/20,10124055.94
6/30/20,8801310.462
6/29/20,8562734.803
6/28/20,8666896.613
6/27/20,8059992.059
6/26/20,9950436.658
6/25/20,8504016.548
6/24/20,8594577.459
6/23/20,9964641.895
6/22/20,8923565.201
6/21/20,9006615.206
6/20/20,8238014.002
6/19/20,8736099.478
6/18/20,7714420.955
6/17/20,8709273.108
6/16/20,9617963.21
6/15/20,8280410.6
6/14/20,10380781.54
6/13/20,9622452.784
6/12/20,9866334.581
6/11/20,11473619.15
6/10/20,10401186.39
6/9/20,10182263.04
6/8/20,10379765.62
6/7/20,9821022.765
6/6/20,12477168.4
6/5/20,11573082.69
6/4/20,9764314.2
6/3/20,9081230.369
6/2/20,8941264.807
6/1/20,8910754.391
5/31/20,9542417.459
5/30/20,9913195.966
5/29/20,8526743.19
5/28/20,8457127.388
5/27/20,9241012.007
5/26/20,7687822.768
5/25/20,7689659.793
5/24/20,7286826.339
5/23/20,7843058.63
5/22/20,7770388.924
5/21/20,9450405.201
5/20/20,8810740.963
5/19/20,8879553.758
5/18/20,9800851.106
5/17/20,7112392.242
5/16/20,8429266.327
5/15/20,8969982.477
5/14/20,8245134.851
5/13/20,7822621.054
5/12/20,8950520.334
5/11/20,17168436.34
5/10/20,19252835.58
5/9/20,17375844
5/8/20,18271845.62
5/7/20,18246780.7
5/6/20,20611754.96
5/5/20,18282730.76
5/4/20,17898623.63
5/3/20,19630255.34
5/2/20,17019209.54
5/1/20,17578400.01
4/30/20,16397343.77
4/29/20,15737371.44
4/28/20,15084394.04
4/27/20,13997087.9
4/26/20,13360910.33
4/25/20,13029925.92
4/24/20,14000287.8
4/23/20,13203833.92
4/22/20,11597010.06
4/21/20,13280755.5
4/20/20,14513595.73
4/19/20,13731416.21
4/18/20,14261973.78
4/17/20,11584618.69
4/16/20,13495677.83
4/15/20,14558871.74
4/14/20,14587959.14
4/13/20,14683700.73
4/12/20,13349664.71
4/11/20,13917060.69
4/10/20,14368680.59
4/9/20,14241012.63
4/8/20,13302461.42
4/7/20,15735459.96
4/6/20,11485342.68
4/5/20,14957634.88
4/4/20,13560678
4/3/20,11436511.55
4/2/20,13018917.41
4/1/20,12386579.19
3/31/20,13165642.83
3/30/20,11637863.38
3/29/20,11822813.29
3/28/20,10989618.93
3/27/20,13411241.26
3/26/20,13691118.21
3/25/20,8111093.565
3/24/20,11290318.11
3/23/20,8912695.388
3/22/20,9996191.207
3/21/20,9873966.128
3/20/20,9446456.658
3/19/20,7981376.242
3/18/20,6941254.719
3/17/20,8477516.575
3/16/20,7889846.941
3/15/20,8103100.664
3/14/20,8986521.226
3/13/20,8634486.982
3/12/20,13544827.88
3/11/20,11906436.35
3/10/20,13309094.53
3/9/20,15003719.04
3/8/20,17385259.26
3/7/20,18200369.58
3/6/20,18084440.76
3/5/20,18562608.98
3/4/20,18948989.97
3/3/20,17037037.23
3/2/20,16697791.75
3/1/20,16697791.75
2/29/20,16697791.75
2/28/20,17412081.06
2/27/20,16401715.33
2/26/20,15629013.68
2/25/20,17822599.43
2/24/20,17377835.22
2/23/20,17684305.82
2/22/20,18051502.97
2/21/20,18886942.69
2/20/20,15368284.87
2/19/20,18406770.34
2/18/20,19007001.53
2/17/20,19823862.2
2/16/20,17801511.08
2/15/20,18294966.94
2/14/20,17892676.33
2/13/20,18474198.44
2/12/20,18763378.49
2/11/20,19051941.21
2/10/20,15671545.12
2/9/20,19747647.26
2/8/20,17511947.95
2/7/20,17296713.61
2/6/20,17105098.6
2/5/20,17105098.6
2/4/20,15415016.36
2/3/20,17467129.75
2/2/20,16944231.59
2/1/20,17858163.32
1/31/20,17040641.86
1/30/20,18922276.39
1/29/20,18887556.28
1/28/20,16242549.01
1/27/20,14226813.87
1/26/20,15373871.85
1/25/20,17146239.27
1/24/20,16478219.05
1/23/20,17169132.32
1/22/20,17310387.59
1/21/20,16708344.24
1/20/20,16034934.29
1/19/20,16961771.12
1/18/20,14834325.08
1/17/20,17783148.02
1/16/20,17478168.64
1/15/20,16792710.07
1/14/20,15748081.37
1/13/20,14633330.08
1/12/20,15625350.67
1/11/20,16893865.39
1/10/20,15541380.57
1/9/20,15730239.71
1/8/20,14890476.72
1/7/20,17646229.3
1/6/20,13051403.08
1/5/20,15404396.62
1/4/20,15650931.39
1/3/20,15705586.47
1/2/20,12576131.22
1/1/20,15907075.79
12/31/19,13152944.22
12/30/19,15446347.04
12/29/19,14317659.02
12/28/19,13698700.74
12/27/19,13514433.19
12/26/19,15752637.61
12/25/19,11634910.29
12/24/19,11525831.91
12/23/19,13758030.76
12/22/19,15337832.97
12/21/19,15844785.32
12/20/19,14124384.46
12/19/19,14591652.02
12/18/19,11695182.78
12/17/19,12121833.95
12/16/19,14132643.71
12/15/19,11126047.87
12/14/19,13824044.96
12/13/19,14060284.47
12/12/19,12076200.2
12/11/19,12062018.83
12/10/19,13646564.11
12/9/19,13970881.97
12/8/19,13969510.4
12/7/19,15286888.49
12/6/19,13603961.75
12/5/19,13451289.42
12/4/19,15591131.4
12/3/19,14637722.11
12/2/19,13446041.66
12/1/19,12925726.37
11/30/19,12281980.57
11/29/19,14142605.49
11/28/19,15917751.91
11/27/19,12848987.49
11/26/19,11167150.57
11/25/19,11205569.82
11/24/19,11832812.58
11/23/19,16178363.03
11/22/19,12538677.98
11/21/19,13715760.95
11/20/19,14807093.07
11/19/19,15599060.26
11/18/19,14963381.52
11/17/19,16582477.3
11/16/19,15864379.2
11/15/19,17351278.97
11/14/19,18779474.74
11/13/19,15067619.93
11/12/19,14989182.4
11/11/19,16881322.71
11/10/19,18896479.03
11/9/19,16111246.62
11/8/19,14762408.04
11/7/19,15970955.44
11/6/19,15769410.01
11/5/19,17451427.1
11/4/19,15941423.77
11/3/19,16402669.81
11/2/19,16052149.36
11/1/19,15476389.78
10/31/19,15460313.8
10/30/19,15935289.73
10/29/19,15907595.39
10/28/19,16254462.72
10/27/19,13879519.95
10/26/19,16769057.92
10/25/19,13909079.27
10/24/19,12594197.43
10/23/19,17079475.39
10/22/19,17496598.35
10/21/19,16722180.44
10/20/19,14984777.03
10/19/19,14484979.9
10/18/19,16329289.22
10/17/19,15858419.08
10/16/19,14633533.22
10/15/19,16240085.96
10/14/19,14628224.19
10/13/19,15185999.16
10/12/19,14021139.92
10/11/19,17060812.1
10/10/19,17831123.68
10/9/19,14626389.97
10/8/19,17060959.45
10/7/19,15743886.01
10/6/19,15379216.33
10/5/19,16377861.17
10/4/19,15198779.2
10/3/19,15446657.01
10/2/19,15983802.95
10/1/19,15347785.33
9/30/19,13436667.52
9/29/19,14292283.47
9/28/19,16399123.57
9/27/19,13731933.73
9/26/19,18142040.44
9/25/19,17222704.4
9/24/19,19220354.79
9/23/19,14647183.8
9/22/19,21169975.57
9/21/19,21079948.12
9/20/19,19539823.59
9/19/19,19373703.71
9/18/19,22533478.53
9/17/19,19262723.37
9/16/19,21460937.09
9/15/19,19411747.05
9/14/19,20523303.28
9/13/19,19643241.85
9/12/19,20481339.86
9/11/19,23997270.5
9/10/19,23662199.32
9/9/19,19160369.49
9/8/19,23644815.68
9/7/19,20094042.86
9/6/19,21464687.59
9/5/19,22456931.63
9/4/19,18375693.84
9/3/19,22232234.97
9/2/19,19567794.84
9/1/19,17386554.18
8/31/19,20380765.55
8/30/19,19625872.03
8/29/19,20199158.85
8/28/19,19285143.44
8/27/19,17790117.82
8/26/19,18051599.15
8/25/19,20023054.22
8/24/19,20913191.15
8/23/19,20303216.62
8/22/19,18244786.74
8/21/19,18133519.93
8/20/19,21381940.82
8/19/19,22512416.21
8/18/19,16497323.4
8/17/19,16818757.38
8/16/19,20175209.24
8/15/19,20403806.3
8/14/19,20751478.03
8/13/19,23339417.34
8/12/19,19835024.18
8/11/19,22402406.23
8/10/19,22285954.37
8/9/19,22823177.01
8/8/19,22052437.23
8/7/19,23489547.28
8/6/19,24239820.66
8/5/19,22256372.32
8/4/19,23105969.7
8/3/19,23901417.9
8/2/19,22617508.87
8/1/19,18606541.39
7/31/19,21676009.16
7/30/19,17750997.04
7/29/19,20887751.48
7/28/19,20994348.81
7/27/19,18834366.14
7/26/19,20745948
7/25/19,19605754.21
7/24/19,17345757
7/23/19,18769327.2
7/22/19,21529384.36
7/21/19,20103997.74
7/20/19,24399901.57
7/19/19,16208139.75
7/18/19,15933222.49
7/17/19,16501101.44
7/16/19,22149573.04
7/15/19,19638311.28
7/14/19,20182908.13
7/13/19,20609810.03
7/12/19,24773188.33
7/11/19,19960968.61
7/10/19,21508972.68
7/9/19,25335914.87
7/8/19,27968213.84
7/7/19,22174981.68
7/6/19,26335706.98
7/5/19,27132379.48
7/4/19,25608368.43
7/3/19,25660429.83
7/2/19,21634656.18
7/1/19,20510124.42
6/30/19,23170049.16
6/29/19,27405858.84
6/28/19,25937334.79
6/27/19,23684931.42
6/26/19,28602342.13
6/25/19,22012700.09
6/24/19,25683149.78
6/23/19,25447586.8
6/22/19,20226178.73
6/21/19,17538287.92
6/20/19,17906834.42
6/19/19,21219685.89
6/18/19,19759220.1
6/17/19,16680372.79
6/16/19,15480924.7
6/15/19,16609185.1
6/14/19,18846894.08
6/13/19,16311181.09
6/12/19,14041153.39
6/11/19,14984664.36
6/10/19,16318423.02
6/9/19,15040475.21
6/8/19,12882272.72
6/7/19,16904713.85
6/6/19,16576546.92
6/5/19,16774166.52
6/4/19,17028462.32
6/3/19,14378777.93
6/2/19,15462127.81
6/1/19,17500366.38
5/31/19,13928405.37
5/30/19,18924858.12
5/29/19,20660475.75
5/28/19,20098452.3
5/27/19,20943626.17
5/26/19,17530637.74
5/25/19,15115205.13
5/24/19,16833084.31
5/23/19,16469421.05
5/22/19,18104557.65
5/21/19,16828129.85
5/20/19,17411194.29
5/19/19,17128952.08
5/18/19,14984659.85
5/17/19,15398528.27
5/16/19,16642489.04
5/15/19,16983774.49
5/14/19,16211651.62
5/13/19,16443665.52
5/12/19,15580744.72
5/11/19,11877938.28
5/10/19,10770042.58
5/9/19,12149462.76
5/8/19,11731703.73
5/7/19,10026818.29
5/6/19,11100910.08
5/5/19,9591032.608
5/4/19,10035261.37
5/3/19,11122649.23
5/2/19,12941749.35
5/1/19,11945018.64
4/30/19,9672352.742
4/29/19,11244134.78
4/28/19,10771720.95
4/27/19,9112041.031
4/26/19,10183521.95
4/25/19,10225360.66
4/24/19,12202481.91
4/23/19,8538019.902
4/22/19,9411111.827
4/21/19,11248346.3
4/20/19,9275897.463
4/19/19,10531918.66
4/18/19,10319254.18
4/17/19,9679415.784
4/16/19,9626718.555
4/15/19,9812670.32
4/14/19,8025830.568
4/13/19,8912797.683
4/12/19,10032844.69
4/11/19,10673185.07
4/10/19,10332304.74
4/9/19,9214713.996
4/8/19,10509444.22
4/7/19,9465714.638
4/6/19,9151289.68
4/5/19,10526385.51
4/4/19,9872137.446
4/3/19,9794906.734
4/2/19,9796335.107
4/1/19,7260086.688
3/31/19,7280099.538
3/30/19,7321449.75
3/29/19,7807462.6
3/28/19,7609348.211
3/27/19,7721974.785
3/26/19,6780907.838
3/25/19,7512795.861
3/24/19,7499624.087
3/23/19,7382484.151
3/22/19,8113657.072
3/21/19,7388901.058
3/20/19,8742662.153
3/19/19,8830120.093
3/18/19,8269486.756
3/17/19,7297849.339
3/16/19,8496146.107
3/15/19,7723228.792
3/14/19,7600598.594
3/13/19,6637474.194
3/12/19,7088005.704
3/11/19,6977449.877
3/10/19,6690849.408
3/9/19,7087594.993
3/8/19,7193574.076
3/7/19,7588198.88
3/6/19,6388631.338
3/5/19,7114388.352
3/4/19,6497311.764
3/3/19,7016670.618
3/2/19,6565214.955
3/1/19,7830758.118
2/28/19,7350871.435
2/27/19,6801908.847
2/26/19,7878415.307
2/25/19,6913971.366
2/24/19,7119748.032
2/23/19,7190247.783
2/22/19,8096363.882
2/21/19,6051778.486
2/20/19,6596656.215
2/19/19,7748245.938
2/18/19,7556019.109
2/17/19,7185045.431
2/16/19,6898485.341
2/15/19,5762323.416
2/14/19,6566282.272
2/13/19,6976103.877
2/12/19,6031364.558
2/11/19,6693602.408
2/10/19,6454979.701
2/9/19,6845104.348
2/8/19,7184754.273
2/7/19,7375022.024
2/6/19,6985845.574
2/5/19,6422102.205
2/4/19,6411524.45
2/3/19,6044025.213
2/2/19,6325531.024
2/1/19,6857975.372
1/31/19,6731427.323
1/30/19,5884537.246
1/29/19,6364552.334
1/28/19,6318406.831
1/27/19,6393436.198
1/26/19,6857448.826
1/25/19,6309969.923
1/24/19,7364947.571
1/23/19,6683461.533
1/22/19,5844342.941
1/21/19,6723982.957
1/20/19,7156712.105
1/19/19,6354782.864
1/18/19,6341863.732
1/17/19,5831717.37
1/16/19,6073704.513
1/15/19,6111232.218
1/14/19,6784730.482
1/13/19,6266417.921
1/12/19,6352381.994
1/11/19,6853670.725
1/10/19,7609635.023
1/9/19,8367487.848
1/8/19,8610282.076
1/7/19,7286414.818
1/6/19,6974865.184
1/5/19,7929513.785
1/4/19,7115351.219
1/3/19,7564081.637
1/2/19,7368988.356
1/1/19,7012103.649
12/31/18,7406437.589
12/30/18,8485747.747
12/29/18,6745781.218
12/28/18,7882682.24
12/27/18,8214950.878
12/26/18,7478293.742
12/25/18,7649829.927
12/24/18,8035501.839
12/23/18,8916949.297
12/22/18,8628688.412
12/21/18,7151635.291
12/20/18,6721946.323
12/19/18,7217876.414
12/18/18,5802769.461
12/17/18,6740883.106
12/16/18,4750978.913
12/15/18,6066378.704
12/14/18,5982323.516
12/13/18,5653823.064
12/12/18,5270463.568
12/11/18,5337996.899
12/10/18,5543093.347
12/9/18,5705487.756
12/8/18,5447972.132
12/7/18,4959282.005
12/6/18,6422799.815
12/5/18,6291958.871
12/4/18,6958363.405
12/3/18,5777217.666
12/2/18,5968275.427
12/1/18,6509108.176
11/30/18,5352395.992
11/29/18,5723625.77
11/28/18,6211551.653
11/27/18,6283605.988
11/26/18,5473562.855
11/25/18,6192219.69
11/24/18,7809122.345
11/23/18,6900149.063
11/22/18,7114929.819
11/21/18,6176914.177
11/20/18,7923554.716
11/19/18,8565705.294
11/18/18,8720411.743
11/17/18,10338423.73
11/16/18,9020655.432
11/15/18,9131131.586
11/14/18,10486098.12
11/13/18,9673254.194
11/12/18,11326127.08
11/11/18,11660743.77
11/10/18,10584955.89
11/9/18,10321706.72
11/8/18,9902899.043
11/7/18,10758522.35
11/6/18,10436213.88
11/5/18,11736833.13
11/4/18,9909549.949
11/3/18,12893634.88
11/2/18,11791348.73
11/1/18,12319622.95
10/31/18,12962284.69
10/30/18,12343537.16
10/29/18,11773496.66
10/28/18,11390873.44
10/27/18,11140721.61
10/26/18,11687812.02
10/25/18,11207341.46
10/24/18,9185666.641
10/23/18,12584228.61
10/22/18,12699337.84
10/21/18,11177638.22
10/20/18,11691729.24
10/19/18,11629773.63
10/18/18,11365265.47
10/17/18,11502916.7
10/16/18,11259236.32
10/15/18,13207214.21
10/14/18,9054868.806
10/13/18,11117559.49
10/12/18,10340801.32
10/11/18,12534246.13
10/10/18,11916022.17
10/9/18,10819341.66
10/8/18,11279998.43
10/7/18,11727102.62
10/6/18,10527206.71
10/5/18,10814043.71
10/4/18,12429603.12
10/3/18,12003041.51
10/2/18,11407332.66
10/1/18,13160999.45
9/30/18,13520452.4
9/29/18,12571059.9
9/28/18,13046981.4
9/27/18,11811663.08
9/26/18,11369486.09
9/25/18,13676604.3
9/24/18,12554837.95
9/23/18,12679234.03
9/22/18,13124461.71
9/21/18,12165754.71
9/20/18,12472948.47
9/19/18,12463162.54
9/18/18,11443545.95
9/17/18,10912753.53
9/16/18,11344822.24
9/15/18,11500218.9
9/14/18,10861356.28
9/13/18,12063757.56
9/12/18,13463775.47
9/11/18,11243810.47
9/10/18,10753469.61
9/9/18,13080457.36
9/8/18,12056257.73
9/7/18,12425079.42
9/6/18,12250781.55
9/5/18,11962954.21
9/4/18,11716417.74
9/3/18,13221829.9
9/2/18,13164449.08
9/1/18,13539458.25
8/31/18,13715513.66
8/30/18,13512459.52
8/29/18,12423621.46
8/28/18,13671393.35
8/27/18,15757726.02
8/26/18,14616492.47
8/25/18,11462792.45
8/24/18,12067487.56
8/23/18,12109214.18
8/22/18,13754538.3
8/21/18,12000750.8
8/20/18,12251866.12
8/19/18,11859087.98
8/18/18,12979347.07
8/17/18,12467282.79
8/16/18,12659503.85
8/15/18,12945905.19
8/14/18,10446684.93
8/13/18,12178415.47
8/12/18,12308443.93
8/11/18,13261117.58
8/10/18,14364533.29
8/9/18,12046723.14
8/8/18,12792695.75
8/7/18,13496173.29
8/6/18,11517945.75
8/5/18,14016460
8/4/18,16086605.41
8/3/18,15674653.75
8/2/18,14541709.8
8/1/18,14364964.4
7/31/18,14996021.25
7/30/18,13817728.25
7/29/18,17783188.64
7/28/18,14770485.99
7/27/18,16568111.75
7/26/18,17302326.28
7/25/18,18661751.63
7/24/18,15319928.25
7/23/18,16326406.8
7/22/18,16874334.75
7/21/18,12556546.63
7/20/18,14466795.4
7/19/18,15668190.72
7/18/18,16010523
7/17/18,14162648.56
7/16/18,9550007.43
7/15/18,10424456.88
7/14/18,10454811.33
7/13/18,11015182.75
7/12/18,11268737.63
7/11/18,11007393.2
7/10/18,12485753
7/9/18,11427128
7/8/18,13573744.76
7/7/18,12914635.5
7/6/18,13022240
7/5/18,11406742.3
7/4/18,11089706
7/3/18,9617154
7/2/18,11654033.03
7/1/18,11673361.88
6/30/18,10494418.5
6/29/18,11427014.51
6/28/18,12052693.75
6/27/18,9288788.415
6/26/18,11522845.22
6/25/18,12092548.55
6/24/18,13225424.94
6/23/18,13084984.36
6/22/18,12793132.95
6/21/18,14388442.37
6/20/18,14482144.85
6/19/18,13329154.5
6/18/18,13762650.4
6/17/18,13246220.73
6/16/18,13507060.33
6/15/18,12305193.3
6/14/18,12563621.7
6/13/18,11320892.25
6/12/18,11844835.52
6/11/18,11987207.99
6/10/18,10758310.23
6/9/18,13551637.53
6/8/18,14114417.18
6/7/18,13721335.6
6/6/18,14067189.5
6/5/18,16505061.83
6/4/18,17156875.25
6/3/18,15688517.73
6/2/18,14536335.53
6/1/18,15635429.33
5/31/18,15919297.25
5/30/18,16513656.67
5/29/18,12968995.59
5/28/18,13947339.5
5/27/18,15313094.1
5/26/18,14869389.38
5/25/18,16379524.33
5/24/18,13875883.11
5/23/18,15300373.5
5/22/18,15129407.25
5/21/18,17282837.08
5/20/18,15313332
5/19/18,15829830.04
5/18/18,15763512.33
5/17/18,13537217.62
5/16/18,18670664.41
5/15/18,16103188.32
5/14/18,14284515.29
5/13/18,16146155.58
5/12/18,18033347.73
5/11/18,13452669.74
5/10/18,17520355.42
5/9/18,19367520.37
5/8/18,16034706.98
5/7/18,17532514.44
5/6/18,16838802.17
5/5/18,19738957.97
5/4/18,16751009.25
5/3/18,18065019.76
5/2/18,16155938.35
5/1/18,17923394.92
4/30/18,18355130.6
4/29/18,18435206.29
4/28/18,14931203.51
4/27/18,16863598.91
4/26/18,16429027.84
4/25/18,14253380.31
4/24/18,19313819.55
4/23/18,17086010.44
4/22/18,17677096.67
4/21/18,18417858.11
4/20/18,15169132.86
4/19/18,18366540.63
4/18/18,16302064.27
4/17/18,15988219.28
4/16/18,14177203.38
4/15/18,17099064.22
4/14/18,13762525.18
4/13/18,16284279.69
4/12/18,14467514.39
4/11/18,13939111.67
4/10/18,13914521.92
4/9/18,12870549.03
4/8/18,14130051.7
4/7/18,15587298
4/6/18,11856536.27
4/5/18,13311694.5
4/4/18,12472512.06
4/3/18,15280200.99
4/2/18,13719904.25
4/1/18,13758062.63
3/31/18,11496221.15
3/30/18,13937126.63
3/29/18,13627332
3/28/18,13721935.62
3/27/18,14964770.5
3/26/18,15370403.13
3/25/18,14782031.28
3/24/18,16891637.75
3/23/18,14450536.16
3/22/18,15970290.91
3/21/18,17009679.09
3/20/18,14275767.43
3/19/18,16605902.4
3/18/18,15423545.81
3/17/18,14888219.02
3/16/18,16433524.33
3/15/18,15044619
3/14/18,14672757
3/13/18,18857575.59
3/12/18,18489655.05
3/11/18,18756523.7
3/10/18,16539689.1
3/9/18,16597022.24
3/8/18,19122238.46
3/7/18,21157511.25
3/6/18,20998999.95
3/5/18,21689457.57
3/4/18,21193664.65
3/3/18,25485633.75
3/2/18,21569895.07
3/1/18,23098876.8
2/28/18,20144045.51
2/27/18,21592349.97
2/26/18,18189790.7
2/25/18,20726468.25
2/24/18,18033349.18
2/23/18,19432244.56
2/22/18,18506552.05
2/21/18,22261055.19
2/20/18,20908106.06
2/19/18,22566369.92
2/18/18,21269179.13
2/17/18,20350444.84
2/16/18,19925190.58
2/15/18,16527155.6
2/14/18,20752674.99
2/13/18,17728596.59
2/12/18,18398084.88
2/11/18,16243960.93
2/10/18,15154655.17
2/9/18,14685356.43
2/8/18,14093910.23
2/7/18,14762174.06
2/6/18,17000620.93
2/5/18,19165215.26
2/4/18,19061071.07
2/3/18,18561807.19
2/2/18,20349765.95
2/1/18,19329173.73
1/31/18,15840583.36
1/30/18,24473743.42
1/29/18,21651636.81
1/28/18,24143236.92
1/27/18,23938854.89
1/26/18,22680092.51
1/25/18,23853113.88
1/24/18,27243321.44
1/23/18,27086864.96
1/22/18,24447639.64
1/21/18,31881234.23
1/20/18,33309440.45
1/19/18,28241982.9
1/18/18,32739932.5
1/17/18,29865677.22
1/16/18,28025172.32
1/15/18,33038806.92
1/14/18,32575141.38
1/13/18,33603224.7
1/12/18,38771602.28
1/11/18,40136372.69
1/10/18,41068171.48
1/9/18,43234479.12
1/8/18,41050023.03
1/7/18,43826673.43
1/6/18,46563789.98
1/5/18,41569957.46
1/4/18,42527795.29
1/3/18,41037010.87
1/2/18,40553327.64
1/1/18,32334328.99
12/31/17,34803527.15
12/30/17,33640243.62
12/29/17,40531227.59
12/28/17,37806663.78
12/27/17,41529952.92
12/26/17,38893686.5
12/25/17,33837650.83
12/24/17,37634874.15
12/23/17,41833672.65
12/22/17,48973790.42
12/21/17,43552942.14
12/20/17,40786861.39
12/19/17,44228748.17
12/18/17,52600190.39
12/17/17,53191582.14
12/16/17,49815223.74
12/15/17,46748982.95
12/14/17,47709970.57
12/13/17,50475052.9
12/12/17,41532449.57
12/11/17,42517108.93
12/10/17,38120250.24
12/9/17,40234510.34
12/8/17,40290718.09
12/7/17,34256501.85
12/6/17,34001400.78
12/5/17,28080616.4
12/4/17,28891001.96
12/3/17,26076363.22
12/2/17,23388265.6
12/1/17,25856448.17
11/30/17,22988871.27
11/29/17,23310275.2
11/28/17,21683705.04
11/27/17,22128557.83
11/26/17,18860738.13
11/25/17,18139440.14
11/24/17,16712356.61
11/23/17,17540614.88
11/22/17,17481272.61
11/21/17,19226652.9
11/20/17,20065228.06
11/19/17,17836891.91
11/18/17,15016726.68
11/17/17,18692415.92
11/16/17,17978355.35
11/15/17,17742474.71
11/14/17,14299314.22
11/13/17,16209519.46
11/12/17,8791671.835
11/11/17,8125360.77
11/10/17,12713071.5
11/9/17,15722628.4
11/8/17,15069064.6
11/7/17,15916555.64
11/6/17,12842419.19
11/5/17,13953618.89
11/4/17,14231239.16
11/3/17,12261316.12
11/2/17,14715617.85
11/1/17,14990408.23
10/31/17,12093705.3
10/30/17,12373554.11
10/29/17,13129615.25
10/28/17,6888711.113
10/27/17,8162322.046
10/26/17,14196709.08
10/25/17,13473857.95
10/24/17,12165126.45
10/23/17,13668326.72
10/22/17,14108349.17
10/21/17,12037733.18
10/20/17,13887260.5
10/19/17,13368296.59
10/18/17,11106217.64
10/17/17,13032444.83
10/16/17,13050105.41
10/15/17,14217107.12
10/14/17,11510644.76
10/13/17,10610179.12
10/12/17,10754101.42
10/11/17,9171956.332
10/10/17,10009312.04
10/9/17,9983563.753
10/8/17,10982026.7
10/7/17,8787392.867
10/6/17,8954115.668
10/5/17,7562750.53
10/4/17,7436308
10/3/17,10134350.23
10/2/17,9042032.792
10/1/17,7369621.814
9/30/17,7690943.394
9/29/17,9243216.054
9/28/17,9528010.171
9/27/17,8033183.851
9/26/17,7447375.635
9/25/17,6522957.248
9/24/17,6815446.316
9/23/17,8189263.438
9/22/17,6520223.321
9/21/17,8287404.385
9/20/17,6356831.373
9/19/17,8091884.16
9/18/17,6960684.992
9/17/17,8420246.46
9/16/17,8161423.068
9/15/17,8227898.318
9/14/17,8831890.222
9/13/17,9617966.635
9/12/17,10193192.47
9/11/17,9856433.088
9/10/17,7845878.46
9/9/17,9554034.212
9/8/17,11151766.56
9/7/17,11050159.28
9/6/17,10290919.41
9/5/17,12122198.04
9/4/17,10527922.27
9/3/17,9700709.885
9/2/17,11028567.49
9/1/17,12131997.84
8/31/17,11260486.73
8/30/17,11654892.53
8/29/17,10384095.21
8/28/17,8451775.683
8/27/17,9978452.553
8/26/17,7319121.602
8/25/17,7153227.771
8/24/17,7293876.044
8/23/17,10230714.98
8/22/17,5749751.915
8/21/17,6995369.37
8/20/17,7392849.383
8/19/17,8768358.088
8/18/17,9384491.84
8/17/17,10849951.01
8/16/17,8320553.071
8/15/17,9519693.715
8/14/17,7782196.464
8/13/17,8147957.34
8/12/17,7177458.753
8/11/17,7130610.587
8/10/17,6163927.56
8/9/17,6474128.573
8/8/17,7395323.699
8/7/17,6700311.568
8/6/17,5937807.544
8/5/17,7255240.305
8/4/17,6553817.396
8/3/17,5137047.949
8/2/17,5295684.411
8/1/17,5102352.598
7/31/17,5611505.186
7/30/17,5226926.136
7/29/17,5536229.75
7/28/17,5722925.456
7/27/17,5348202.5
7/26/17,4829127.828
7/25/17,5561050.822
7/24/17,6381472.965
7/23/17,5998934.926
7/22/17,6110647.805
7/21/17,5613834.894
7/20/17,6303559.806
7/19/17,4764906.234
7/18/17,5135590.6
7/17/17,4307537.882
7/16/17,4283016.915
7/15/17,3915180.133
7/14/17,4133223.088
7/13/17,5143505.439
7/12/17,5595773.274
7/11/17,5418689.757
7/10/17,6632606.653
7/9/17,4618491.105
7/8/17,5589288.04
7/7/17,5325202.363
7/6/17,5092047.08
7/5/17,5284210.787
7/4/17,5722827.45
7/3/17,5975338.925
7/2/17,5975338.925
7/1/17,5723792.559
6/30/17,5463199.232
6/29/17,4529057.766
6/28/17,6013686.136
6/27/17,4893544.703
6/26/17,5067818.199
6/25/17,4568837.75
6/24/17,5333679.668
6/23/17,6125531.766
6/22/17,5940316.947
6/21/17,5729387.771
6/20/17,5639440.478
6/19/17,5967196.345
6/18/17,5066179.984
6/17/17,5461151.46
6/16/17,5412747.319
6/15/17,5540766.447
6/14/17,5217092.611
6/13/17,6081318.614
6/12/17,5779114.423
6/11/17,6255384.142
6/10/17,6249243.428
6/9/17,6408509.031
6/8/17,6905690.491
6/7/17,7719493.898
6/6/17,6705146.002
6/5/17,6586584.016
6/4/17,6277178.516
6/3/17,7190853.406
6/2/17,5437774.587
6/1/17,6453340.297
5/31/17,5808558.076
5/30/17,6132063.831
5/29/17,5363911.687
5/28/17,5262057.43
5/27/17,5121736.684
5/26/17,5857614.172
5/25/17,5871333.86
5/24/17,5524488.081
5/23/17,5849528.149
5/22/17,4499105.297
5/21/17,4331490.19
5/20/17,4886339.565
5/19/17,4746879.58
5/18/17,3986174.981
5/17/17,4421399.763
5/16/17,3356331.712
5/15/17,4090703.35
5/14/17,4502606.745
5/13/17,3885820.587
5/12/17,3731717.867
5/11/17,3603539.089
5/10/17,3665040.514
5/9/17,3715393.611
5/8/17,4358595.025
5/7/17,3505619.688
5/6/17,3610789.203
5/5/17,2992751.478
5/4/17,3500746.022
5/3/17,2760373.225
5/2/17,3252918.867
5/1/17,2878277.982
4/30/17,2720215.547
4/29/17,3282240.049
4/28/17,2501502.231
4/27/17,2725014.35
4/26/17,2834899.003
4/25/17,2615123.621
4/24/17,2119150.856
4/23/17,3003304.225
4/22/17,2596344.05
4/21/17,2983037.75
4/20/17,2424413.356
4/19/17,2444373.75
4/18/17,2500974.8
4/17/17,2405342.15
4/16/17,2320594.4
4/15/17,2416965
4/14/17,2375849.278
4/13/17,2072006.75
4/12/17,2357939.5
4/11/17,2847416.315
4/10/17,2406320.7
4/9/17,2532236.55
4/8/17,2302445.271
4/7/17,2599338
4/6/17,2391592.35
4/5/17,2673677.81
4/4/17,1939250.2
4/3/17,2669294.6
4/2/17,2378690.407
4/1/17,1942180.5
3/31/17,1987418.5
3/30/17,2413075.132
3/29/17,1943117
3/28/17,2192722.65
3/27/17,1843886.294
3/26/17,2046573.52
3/25/17,1696707.27
3/24/17,2405463.763
3/23/17,2076531
3/22/17,2248010.7
3/21/17,2221575.561
3/20/17,1948540
3/19/17,2267078.8
3/18/17,2307093.257
3/17/17,2279486.3
3/16/17,2470016
3/15/17,2585616.414
3/14/17,2657111.6
3/13/17,2417768.25
3/12/17,2573064.173
3/11/17,2359087.2
3/10/17,2329338.9
3/9/17,2451454.03
3/8/17,2250201.3
3/7/17,2609873.4
3/6/17,2635445.798
3/5/17,2524232.85
3/4/17,2317878
3/3/17,2741612.926
3/2/17,2702443.5
3/1/17,2416017.4
2/28/17,2548889.197
2/27/17,2305227.8
2/26/17,2725922.6
2/25/17,2897863.037
2/24/17,2628973.5
2/23/17,2381379
2/22/17,2152117.275
2/21/17,2066770
2/20/17,2121402.4
2/19/17,2008419.457
2/18/17,2102643.2
2/17/17,2094835.8
2/16/17,2102990.202
2/15/17,1822485.25
2/14/17,2198282.4
2/13/17,2178384.199
2/12/17,1790373.935
2/11/17,1792077
2/10/17,1972446.177
2/9/17,2148177
2/8/17,2002536.9
2/7/17,2175238.105
2/6/17,1694793.75
2/5/17,2069248.1
2/4/17,1975355.921
2/3/17,1970791.5
2/2/17,2047540.5
2/1/17,2481667.385
1/31/17,1817471.16
1/30/17,1736959.14
1/29/17,2072803.26
1/28/17,1787595.6
1/27/17,1976661.18
1/26/17,1864867.309
1/25/17,1721632.5
1/24/17,1723423.425
1/23/17,1683925.096
1/22/17,2002158
1/21/17,2095396.75
1/20/17,2264569.902
1/19/17,1969902.99
1/18/17,1672839.35
1/17/17,1911475.34
1/16/17,1769358.15
1/15/17,1716577.7
1/14/17,1922419.877
1/13/17,1577154.54
1/12/17,1750688.22
1/11/17,1724412.855
1/10/17,1842810.36
1/9/17,1548900
1/8/17,1990960.486
1/7/17,1583004.57
1/6/17,1805295.6
1/5/17,2009800.815
1/4/17,2308231.5
1/3/17,2141405
1/2/17,2138666.021
1/1/17,1961202.6
12/31/16,1785013.42
12/30/16,1988622.534
12/29/16,1831153.28
12/28/16,2011489.19
12/27/16,2034777.528
12/26/16,1610869.18
12/25/16,1867686.25
12/24/16,1621324.265
12/23/16,1720367.4
12/22/16,1717668.81
12/21/16,1773147.307
12/20/16,1380945.27
12/19/16,1511601
12/18/16,1552267.906
12/17/16,1439997.29
12/16/16,1317539.32
12/15/16,1311989.793
12/14/16,1354213.25
12/13/16,1739710.08
12/12/16,1582652.844
12/11/16,1520295.44
12/10/16,1287818
12/9/16,1391454.018
12/8/16,1516416
12/7/16,1686375.17
12/6/16,1505792.029
12/5/16,1450084.71
12/4/16,1422187.52
12/3/16,1739298.912
12/2/16,1419702.79
12/1/16,1391603.68
11/30/16,1403948.033
11/29/16,1388629.47
11/28/16,1511320.32
11/27/16,1373271.489
11/26/16,1424452.54
11/25/16,1450482.78
11/24/16,1627500.369
11/23/16,1371590
11/22/16,1264052.4
11/21/16,1397668.695
11/20/16,1177092.75
11/19/16,1337807.52
11/18/16,1459383.095
11/17/16,1467356.7
11/16/16,1590935.5
11/15/16,1446536.158
11/14/16,1523261.75
11/13/16,1259145.88
11/12/16,1553329.977
11/11/16,1459015.6
11/10/16,1501227
11/9/16,1411825.603
11/8/16,1507321.19
11/7/16,1294398.35
11/6/16,1398507.933
11/5/16,1325997.44
11/4/16,1036526.64
11/3/16,1465722.495
11/2/16,1230807.01
11/1/16,1321902
10/31/16,1356064.414
10/30/16,1487565.84
10/29/16,1338194.47
10/28/16,1374557.977
10/27/16,1402328.39
10/26/16,1204154.59
10/25/16,1198651.513
10/24/16,1173414.58
10/23/16,1186462.78
10/22/16,1234167.036
10/21/16,1302488
10/20/16,1065517.32
10/19/16,1025580.949
10/18/16,1239301.7
10/17/16,1001040.49
10/16/16,1089308.274
10/15/16,1135929.6
10/14/16,1090902.33
10/13/16,1124610.242
10/12/16,1156671.17
10/11/16,1114413.27
10/10/16,994860.9238
10/9/16,1232591.35
10/8/16,1311355.5
10/7/16,1140029.908
10/6/16,1237023.86
10/5/16,1281294.75
10/4/16,1244767.252
10/3/16,1164434
10/2/16,1074561
10/1/16,1254664.052
9/30/16,1084454
9/29/16,1083864.35
9/28/16,1169060.702
9/27/16,1276511.72
9/26/16,1165493.71
9/25/16,1430506.212
9/24/16,1258908.62
9/23/16,1027531.44
9/22/16,1130268.149
9/21/16,1241468.76
9/20/16,1166565.27
9/19/16,1050392.166
9/18/16,1112983.75
9/17/16,1239350.12
9/16/16,1121897.375
9/15/16,1179081.75
9/14/16,1197718.89
9/13/16,1290425.536
9/12/16,1245625.42
9/11/16,1251012.5
9/10/16,1270465.144
9/9/16,1120494.37
9/8/16,1134450
9/7/16,1227879.921
9/6/16,1044942.9
9/5/16,1072259.87
9/4/16,1380345.264
9/3/16,959616
9/2/16,1109403
9/1/16,1035320.336
8/31/16,970161.44
8/30/16,1194622.05
8/29/16,1163538.907
8/28/16,1091820.34
8/27/16,1024500.66
8/26/16,1031828.287
8/25/16,940023.47
8/24/16,1110792.9
8/23/16,1216079.791
8/22/16,1168789.12
8/21/16,1182381.62
8/20/16,1153764.118
8/19/16,1108626.82
8/18/16,1105741.56
8/17/16,937466.8329
8/16/16,984960
8/15/16,1035485.42
8/14/16,1221143.855
8/13/16,1197995.5
8/12/16,1093307.25
8/11/16,1158024.441
8/10/16,1123923.75
8/9/16,949947.25
8/8/16,1155198.826
8/7/16,1101643.4
8/6/16,1232269.96
8/5/16,1242755.644
8/4/16,1102137.72
8/3/16,1187784
8/2/16,1192809.473
8/1/16,1158954.11
7/31/16,1205755.02
7/30/16,1051981.064
7/29/16,1216861.96
7/28/16,1126800.22
7/27/16,1144988.349
7/26/16,1058492
7/25/16,1083868.56
7/24/16,1067915.614
7/23/16,1073869.3
7/22/16,1049710.54
7/21/16,1161033.133
7/20/16,1253687.59
7/19/16,1084448.36
7/18/16,1315012.073
7/17/16,1266649
7/16/16,1302095.02
7/15/16,1173602.647
7/14/16,1175290.03
7/13/16,1070321.94
7/12/16,1208033.635
7/11/16,1162507.11
7/10/16,1267110
7/9/16,2183467.642
7/8/16,2401373.19
7/7/16,2195264.88
7/6/16,2396656.071
7/5/16,2420500.04
7/4/16,2555599.5
7/3/16,2740471.376
7/2/16,2625265.08
7/1/16,2649743.25
6/30/16,2633620.986
6/29/16,2340735.09
6/28/16,2418860.27
6/27/16,2391834.817
6/26/16,2297205.75
6/25/16,2760622.54
6/24/16,2182850.426
6/23/16,2193393.94
6/22/16,1909240
6/21/16,2775119.945
6/20/16,3057429
6/19/16,3392968.32
6/18/16,3023654.813
6/17/16,2779037.6
6/16/16,2863856.69
6/15/16,2663305.4
6/14/16,2277298.22
6/13/16,2830943.5
6/12/16,2439077.775
6/11/16,2364669.104
6/10/16,2116658.575
6/9/16,2457044.37
6/8/16,2112419.154
6/7/16,2169535.062
6/6/16,2559529.58
6/5/16,2479401.39
6/4/16,1733523.116
6/3/16,2039808.397
6/2/16,1894573.921
6/1/16,1972575.77
5/31/16,1778686.464
5/30/16,1934163.223
5/29/16,1906764.237
5/28/16,1698374.905
5/27/16,1667597.593
5/26/16,1575322.68
5/25/16,1612802.549
5/24/16,1663136.19
5/23/16,2025077.241
5/22/16,2084432.932
5/21/16,1589937.028
5/20/16,1666418.673
5/19/16,1415299.104
5/18/16,1770178.43
5/17/16,1622904.537
5/16/16,1636434.03
5/15/16,1609202.062
5/14/16,1662212.65
5/13/16,1841534.814
5/12/16,1601340.812
5/11/16,1525359.473
5/10/16,1822228.269
5/9/16,2015490.719
5/8/16,1881265.308
5/7/16,1740688.074
5/6/16,1887205.007
5/5/16,1769132.628
5/4/16,2071544.221
5/3/16,1722607.801
5/2/16,1762341.417
5/1/16,1871929.739
4/30/16,1650450.466
4/29/16,1824603.319
4/28/16,1546945.81
4/27/16,1463200.885
4/26/16,1924687.353
4/25/16,1511285.527
4/24/16,1531303.62
4/23/16,1639604.701
4/22/16,1780084.416
4/21/16,1721837.362
4/20/16,1843768.255
4/19/16,1696206.854
4/18/16,1460870.32
4/17/16,1642389.18
4/16/16,1502139.353
4/15/16,1574760.3
4/14/16,1767502.96
4/13/16,1760973.818
4/12/16,1639676.5
4/11/16,1607456.49
4/10/16,1849714.707
4/9/16,1707680.24
4/8/16,1506409.6
4/7/16,1524704.236
4/6/16,1650251.71
4/5/16,1591759.98
4/4/16,1864182.283
4/3/16,1554802.33
4/2/16,1591174.42
4/1/16,1653575.355
3/31/16,1321282.86
3/30/16,1660945.8
3/29/16,1685402.34
3/28/16,1519272.32
3/27/16,1646594.4
3/26/16,1627195.005
3/25/16,1523337.52
3/24/16,1588000.11
3/23/16,1633014.908
3/22/16,1565038.8
3/21/16,1308642.12
3/20/16,1573282.94
3/19/16,1384278.67
3/18/16,1427774.04
3/17/16,1535746.082
3/16/16,1787925.02
3/15/16,1593584.76
3/14/16,1591449.546
3/13/16,1580232.02
3/12/16,1362701.76
3/11/16,1698526.226
3/10/16,1692288
3/9/16,1725518.7
3/8/16,1624142.062
3/7/16,1614392.86
3/6/16,1437551.76
3/5/16,1560093.319
3/4/16,1604280.96
3/3/16,1431631.68
3/2/16,1732093.707
3/1/16,1405736.85
2/29/16,1495225.04
2/28/16,1607228.491
2/27/16,1431216
2/26/16,1609521.62
2/25/16,1682349.251
2/24/16,1319648.9
2/23/16,1427391
2/22/16,1478179.558
2/21/16,1386597.3
2/20/16,1754843.64
2/19/16,1602889.463
2/18/16,1902961.74
2/17/16,1481533.76
2/16/16,1487411.488
2/15/16,1505873.6
2/14/16,1824390.92
2/13/16,1784279.986
2/12/16,1531180.44
2/11/16,1824977
2/10/16,1609224.847
2/9/16,1589926.87
2/8/16,1527627
2/7/16,1802661.611
2/6/16,1796933.68
2/5/16,1755051.09
2/4/16,1768733.96
2/3/16,1620135.24
2/2/16,1552556.36
2/1/16,1613765.198
1/31/16,1698131.16
1/30/16,1689976.32
1/29/16,1750044.211
1/28/16,1434150
1/27/16,1537171.65
1/26/16,1707435.989
1/25/16,1691196.21
1/24/16,1694688.25
1/23/16,1812144.661
1/22/16,1610297.5
1/21/16,1384752
1/20/16,1619573.123
1/19/16,1425654.9
1/18/16,1700240.64
1/17/16,1525313.773
1/16/16,1300104
1/15/16,1217938.2
1/14/16,1487692.379
1/13/16,1657710.63
1/12/16,1980490.44
1/11/16,2152938.818
1/10/16,1909014.72
1/9/16,1802400.6
1/8/16,2195603.804
1/7/16,1648782.14
1/6/16,1477472.5
1/5/16,1819807.57
1/4/16,1906932
1/3/16,1604631.24
1/2/16,1671419.658
1/1/16,1467328.02
12/31/15,1557216.18
12/30/15,1932066.483
12/29/15,1652090.16
12/28/15,1719238.9
12/27/15,2453742.101
12/26/15,1955357.22
12/25/15,1537832.4
12/24/15,1768771.213
12/23/15,1837989.6
12/22/15,1553396.74
12/21/15,1776647.779
12/20/15,1851709.86
12/19/15,1803135.6
12/18/15,2034155.342
12/17/15,1819000.68
12/16/15,1926328.77
12/15/15,2285879.635
12/14/15,1978018.4
12/13/15,1648972.82
12/12/15,1867996.462
12/11/15,1961096.06
12/10/15,2051183.4
12/9/15,1928283.584
12/8/15,1582724.93
12/7/15,1505973.06
12/6/15,1668698.593
12/5/15,1688873.2
12/4/15,1598511.04
12/3/15,1519899.938
12/2/15,1337791.88
12/1/15,1736234.24
11/30/15,1768320.581
11/29/15,1436265.08
11/28/15,1301570.64
11/27/15,1237283.516
11/26/15,1419492
11/25/15,1259375
11/24/15,1358434.781
11/23/15,1306072.25
11/22/15,1409226.76
11/21/15,1519596.752
11/20/15,1282480
11/19/15,1159725
11/18/15,1644297.343
11/17/15,1360933.45
11/16/15,1457241
11/15/15,1489093.694
11/14/15,1269517.5
11/13/15,1395572.2
11/12/15,1465230.862
11/11/15,1380604.5
11/10/15,1273595.16
11/9/15,1699610.872
11/8/15,1344441.24
11/7/15,1589032.76
11/6/15,1531783.256
11/5/15,1504000
11/4/15,1713673.05
11/3/15,1978231.686
11/2/15,1245221.95
11/1/15,1246623
10/31/15,1383227.734
10/30/15,1360583.6
10/29/15,1158573.88
10/28/15,1153912.628
10/27/15,1173025.4
10/26/15,1089933.75
10/25/15,1623113.251
10/24/15,980489.7
10/23/15,1075873.54
10/22/15,1209253.904
10/21/15,983560.5
10/20/15,864439.2
10/19/15,1395310.926
10/18/15,944259.12
10/17/15,944259.12
10/16/15,1060255.172
10/15/15,1023533.62
10/14/15,1045411.92
10/13/15,919373.6131
10/12/15,842332.5
10/11/15,868877.49
10/10/15,1120907.09
10/9/15,921712.5
10/8/15,819523.44
10/7/15,971432.1589
10/6/15,834095.25
10/5/15,924519.16
10/4/15,991818.8696
10/3/15,908309.71
10/2/15,914586.08
10/1/15,1034425.386
9/30/15,927003.42
9/29/15,928562.73
9/28/15,1047573.378
9/27/15,836290
9/26/15,842917
9/25/15,1145777.72
9/24/15,853501.1
9/23/15,868521.15
9/22/15,1007970.004
9/21/15,753538.56
9/20/15,695204
9/19/15,778412.491
9/18/15,844821.74
9/17/15,830934
9/16/15,878460.5589
9/15/15,943920
9/14/15,924674.4
9/13/15,962877.9209
9/12/15,808141.81
9/11/15,1044415.29
9/10/15,1395881.107
9/9/15,852524.08
9/8/15,851509.24
9/7/15,980256.7379
9/6/15,959839.2
9/5/15,893388.69
9/4/15,983178.5754
9/3/15,866697.62
9/2/15,898267.92
9/1/15,996219.6551
8/31/15,923760
8/30/15,819141.99
8/29/15,1104913.113
8/28/15,877903.33
8/27/15,855555.96
8/26/15,1111421.565
8/25/15,771519.5
8/24/15,842084.76
8/23/15,883287.1207
8/22/15,869575.88
8/21/15,904694.07
8/20/15,990706.284
8/19/15,892100.96
8/18/15,926771.5
8/17/15,1165560.256
8/16/15,950836.71
8/15/15,950836.71
8/14/15,1104647.211
8/13/15,900557.27
8/12/15,997387.5
8/11/15,1356613.93
8/10/15,1130128.35
8/9/15,1162172.07
8/8/15,1298511.36
8/7/15,1065525.72
8/6/15,999936.81
8/5/15,1158064.005
8/4/15,900084.96
8/3/15,1035690
8/2/15,1333895.568
8/1/15,1108164.12
7/31/15,1160777.2
7/30/15,1054979.165
7/29/15,994670.04
7/28/15,1093613.4
7/27/15,1306713.91
7/26/15,1135825.74
7/25/15,1014092.77
7/24/15,1438918.929
7/23/15,1213267.9
7/22/15,1037676.64
7/21/15,1047201.493
7/20/15,984206.16
7/19/15,1011196.84
7/18/15,1138075.979
7/17/15,1124555.52
7/16/15,1007435.76
7/15/15,1152154.503
7/14/15,1128304.1
7/13/15,1025923.61
7/12/15,1187913.993
7/11/15,1081003.5
7/10/15,1074503.5
7/9/15,950484.1032
7/8/15,945214.56
7/7/15,1051752
7/6/15,1414820.451
7/5/15,1169750.23
7/4/15,986961.56
7/3/15,1209697.879
7/2/15,1039532.5
7/1/15,898066.26
6/30/15,987310.6312
6/29/15,945633.06
6/28/15,873579.6
6/27/15,860747.5586
6/26/15,799424.5
6/25/15,896744.42
6/24/15,1077185.366
6/23/15,912266.24
6/22/15,877380.24
6/21/15,835797.2367
6/20/15,742685.61
6/19/15,823037.76
6/18/15,1133271.149
6/17/15,960479.25
6/16/15,893357.04
6/15/15,1026526.569
6/14/15,890981.28
6/13/15,844662
6/12/15,943621.9516
6/11/15,786071.64
6/10/15,891497
6/9/15,954812.7015
6/8/15,935586.6
6/7/15,807120
6/6/15,1262209.266
6/5/15,906939.6
6/4/15,799318.9
6/3/15,860046.1125
6/2/15,807176.43
6/1/15,824901.27
5/31/15,926865.3715
5/30/15,855431.6
5/29/15,720632.16
5/28/15,803899.9651
5/27/15,784167.68
5/26/15,855635
5/25/15,932241.661
5/24/15,851874.75
5/23/15,850507.02
5/22/15,908597.1375
5/21/15,857382.5
5/20/15,906004
5/19/15,818617.7772
5/18/15,792416.6
5/17/15,813151.55
5/16/15,893513.609
5/15/15,760292.19
5/14/15,983664
5/13/15,1209740.025
5/12/15,986656.8
5/11/15,957828.66
5/10/15,966831.3129
5/9/15,775494
5/8/15,762777.12
5/7/15,879719.2614
5/6/15,945553.59
5/5/15,846721.89
5/4/15,901989.7771
5/3/15,782431.21
5/2/15,832645.62
5/1/15,1029919.558
4/30/15,861356.7
4/29/15,785569.33
4/28/15,997245.5666
4/27/15,877280.4
4/26/15,771274.35
4/25/15,1138632.778
4/24/15,902741.4
4/23/15,696484.88
4/22/15,1041849.936
4/21/15,852287.94
4/20/15,897496.08
4/19/15,1081326.869
4/18/15,770156.64
4/17/15,742104.16
4/16/15,927077.2997
4/15/15,795633.3
4/14/15,676586.4
4/13/15,1080582.915
4/12/15,800004.6
4/11/15,808298.64
4/10/15,1125051.637
4/9/15,843606.09
4/8/15,879723.18
4/7/15,1229555.755
4/6/15,1019620.68
4/5/15,825228
4/4/15,1205590.629
4/3/15,980821.05
4/2/15,963883.71
4/1/15,942541.7766
3/31/15,865953.6
3/30/15,908277.88
3/29/15,1110135.867
3/28/15,924217.35
3/27/15,946218.24
3/26/15,1128027.226
3/25/15,942153.22
3/24/15,1023257.2
3/23/15,1149817.609
3/22/15,1015589.19
3/21/15,869288.5
3/20/15,945367.3787
3/19/15,919951.8
3/18/15,935886.42
3/17/15,1118080.7
3/16/15,1030114.78
3/15/15,956704.32
3/14/15,1051243.333
3/13/15,955514.02
3/12/15,1009810.88
3/11/15,1368494.252
3/10/15,1221552.85
3/9/15,1114781.46
3/8/15,1263093.904
3/7/15,1071653.31
3/6/15,975886.54
3/5/15,1112274.884
3/4/15,760764.32
3/3/15,1109701
3/2/15,1277153.04
3/1/15,993508.46
2/28/15,931320.72
2/27/15,1068531.126
2/26/15,1006856
2/25/15,858325
2/24/15,833758.2625
2/23/15,831706.4
2/22/15,815115.42
2/21/15,961956.9192
2/20/15,850966.24
2/19/15,1013940.28
2/18/15,1187677.754
2/17/15,948874.8
2/16/15,949160
2/15/15,1098201.78
2/14/15,820538.37
2/13/15,991297.71
2/12/15,700112.5786
2/11/15,757105.79
2/10/15,835570.36
2/9/15,1084298.909
2/8/15,856876.32
2/7/15,717658.5
2/6/15,1180053.994
2/5/15,966981.42
2/4/15,801443.19
2/3/15,913622.2838
2/2/15,801295.88
2/1/15,822201
1/31/15,1195032.172
1/30/15,892843.9
1/29/15,802163.46
1/28/15,1611057.543
1/27/15,987528.5
1/26/15,967817.14
1/25/15,857586.6945
1/24/15,781361.82
1/23/15,742971.68
1/22/15,907343.517
1/21/15,880165.7
1/20/15,739857.6
1/19/15,904302.5548
1/18/15,826197.1
1/17/15,789179.66
1/16/15,954891.9418
1/15/15,768009
1/14/15,761422.01
1/13/15,1026145.434
1/12/15,609318.71
1/11/15,1115640
1/10/15,1335502.202
1/9/15,984120
1/8/15,1056268.8
1/7/15,1052470.301
1/6/15,1027758.4
1/5/15,1089761.6
1/4/15,1632202.971
1/3/15,1129778.1
1/2/15,1242878.63
1/1/15,1519572.475
12/31/14,1312680.6
12/30/14,1233733.8
12/29/14,1703669.815
12/28/14,1333123.11
12/27/14,1329372.5
12/26/14,1333687.829
12/25/14,1186373.44
12/24/14,1351958.54
12/23/14,1382703.239
12/22/14,1369405.44
12/21/14,1076732.14
12/20/14,1278678.755
12/19/14,1152000.9
12/18/14,989099.82
12/17/14,1308619.636
12/16/14,1014421.6
12/15/14,1124341.47
12/14/14,1490845.675
12/13/14,1169356.8
12/12/14,1255861.35
12/11/14,1521941.031
12/10/14,1295135.7
12/9/14,1443188.64
12/8/14,1821805.703
12/7/14,1380691.62
12/6/14,1149733.8
12/5/14,1608673.901
12/4/14,1407286.74
12/3/14,1380382.38
12/2/14,1591199.526
12/1/14,1361198.52
11/30/14,1369993.08
11/29/14,1936735.411
11/28/14,1428154.92
11/27/14,1461602.32
11/26/14,1537906.987
11/25/14,1332726.72
11/24/14,1223868.36
11/23/14,1381369.815
11/22/14,1283532.64
11/21/14,1425167.8
11/20/14,1445702.438
11/19/14,1243162.9
11/18/14,1288459.26
11/17/14,1585496.745
11/16/14,1443522.72
11/15/14,1394951.4
11/14/14,1748676.731
11/13/14,1452599.28
11/12/14,1490042.4
11/11/14,1312768.293
11/10/14,1291511.52
11/9/14,1489196.94
11/8/14,1518181.763
11/7/14,1352580.24
11/6/14,1236927.64
11/5/14,1309127.376
11/4/14,1372405.87
11/3/14,1353011.52
11/2/14,1391560.735
11/1/14,1342197.92
10/31/14,1313816.07
10/30/14,1631334.82
10/29/14,1462243
10/28/14,1241173.89
10/27/14,1523907.228
10/26/14,1332240.5
10/25/14,1158701.8
10/24/14,1603289.682
10/23/14,1465384.48
10/22/14,1305632.13
10/21/14,1903489.717
10/20/14,1359144
10/19/14,1332696.9
10/18/14,1747485.799
10/17/14,1650684.48
10/16/14,1286691.63
10/15/14,1705973.775
10/14/14,1452678
10/13/14,1446969.57
10/12/14,1597326.642
10/11/14,1353884.13
10/10/14,1290564.15
10/9/14,1540765.373
10/8/14,1350163.22
10/7/14,1138502.88
10/6/14,1486380.208
10/5/14,1328774.4
10/4/14,1310061.87
10/3/14,1517310.193
10/2/14,1286220
10/1/14,1394779.35
9/30/14,1640655.87
9/29/14,1458738.04
9/28/14,1321894.34
9/27/14,1451282.779
9/26/14,1286776.14
9/25/14,1548445.08
9/24/14,1964038.526
9/23/14,1765648.08
9/22/14,1601478
9/21/14,1959830.141
9/20/14,1781219.2
9/19/14,1801037.04
9/18/14,2423050.762
9/17/14,1985517.03
9/16/14,2122176
9/15/14,2259751.945
9/14/14,1763838.3
9/13/14,2025587.4
9/12/14,2155557.165
9/11/14,1898185.05
9/10/14,1904140
9/9/14,1995752.895
9/8/14,1545448.24
9/7/14,1828275.96
9/6/14,2714423.529
9/5/14,2025388.9
9/4/14,1814873.85
9/3/14,2527781.155
9/2/14,1884421.36
9/1/14,1734368.9
8/31/14,2985880.983
8/30/14,2334454.32
8/29/14,2171218.92
8/28/14,2782169.674
8/27/14,2310083.65
8/26/14,2077894.24
8/25/14,2028245.655
8/24/14,1694749.56
8/23/14,2098161
8/22/14,2285706.483
8/21/14,2091138.75
8/20/14,2214059.58
8/19/14,2809058.541
8/18/14,2516475
8/17/14,2053013.15
8/16/14,2233906.719
8/15/14,2183101
8/14/14,2034983.6
8/13/14,2411608.846
8/12/14,2165901.18
8/11/14,2584002.98
8/10/14,3264322.66
8/9/14,2641031.16
8/8/14,2551035.74
8/7/14,2541691.973
8/6/14,2311376.64
8/5/14,2231599.2
8/4/14,2137667.011
8/3/14,2010486.9
8/2/14,2245920.32
8/1/14,2902813.906
7/31/14,2308439.9
7/30/14,2262546
7/29/14,2587762.305
7/28/14,2171902.5
7/27/14,2000946.64
7/26/14,2326825.301
7/25/14,2090942.92
7/24/14,2371191.65
7/23/14,2487264.27
7/22/14,2277178.61
7/21/14,2227013.58
7/20/14,2983207.373
7/19/14,2656636.43
7/18/14,2719265.2
7/17/14,3002451.267
7/16/14,2683662
7/15/14,2562788.76
7/14/14,2324693.388
7/13/14,2264500.8
7/12/14,2434643.1
7/11/14,2721173.496
7/10/14,2370595.91
7/9/14,2392970.58
7/8/14,2661544.471
7/7/14,2533469.4
7/6/14,2167600.3
7/5/14,2603938.922
7/4/14,2409626.24
7/3/14,2548314.9
7/2/14,2261661.309
7/1/14,2281152
6/30/14,2265705.9
6/29/14,2867568.692
6/28/14,2597368
6/27/14,2796722.72
6/26/14,2992633.065
6/25/14,2438734
6/24/14,2642787
6/23/14,3540092.794
6/22/14,2341748.5
6/21/14,2881450.72
6/20/14,3429551.416
6/19/14,2750677.88
6/18/14,2288559.84
6/17/14,3465497.663
6/16/14,2666116.65
6/15/14,3026170
6/14/14,3378320.33
6/13/14,2459869.28
6/12/14,2451384
6/11/14,2732109.187
6/10/14,2342363.4
6/9/14,2883561.93
6/8/14,2503351.83
6/7/14,2450216
6/6/14,2508586.2
6/5/14,2708518.434
6/4/14,2395764.64
6/3/14,2957055.42
6/2/14,3650788.783
6/1/14,2832232.65
5/31/14,3027285.3
5/30/14,2667113.681
5/29/14,2489105.61
5/28/14,1867016
5/27/14,2171401.393
5/26/14,1883513.19
5/25/14,2473824
5/24/14,2351556.703
5/23/14,2196642.24
5/22/14,2089836.14
5/21/14,2679568.528
5/20/14,2208604.81
5/19/14,2176239.87
5/18/14,2674403.248
5/17/14,1725066.12
5/16/14,2058582.72
5/15/14,2329797.593
5/14/14,1868696.38
5/13/14,1683457.38
5/12/14,2174293.306
5/11/14,1738185.5
5/10/14,1809165
5/9/14,2305086.14
5/8/14,1882663.3
5/7/14,1727589.5
5/6/14,2583817.441
5/5/14,2007489.45
5/4/14,1342102.71
5/3/14,1824628.311
5/2/14,1568979.5
5/1/14,1906840.11
4/30/14,1798323.61
4/29/14,1644238
4/28/14,1773787.4
4/27/14,2695330.384
4/26/14,1842258.6
4/25/14,2068904.8
4/24/14,2506178.885
4/23/14,1813512.4
4/22/14,2138759.7
4/21/14,2803733.642
4/20/14,2202474
4/19/14,2130809.4
4/18/14,2772367.991
4/17/14,1877681.76
4/16/14,2160675
4/15/14,2905406.245
4/14/14,2396149.81
4/13/14,2068130.96
4/12/14,2110702.143
4/11/14,1703744.82
4/10/14,1600254.61
4/9/14,2150368.595
4/8/14,1611997.8
4/7/14,1777684.05
4/6/14,2355981.896
4/5/14,1635965.53
4/4/14,2027406.08
4/3/14,2761931.338
4/2/14,2326614.03
4/1/14,2063910
3/31/14,2793367.559
3/30/14,1924427
3/29/14,1677089.7
3/28/14,2543758.804
3/27/14,2307261
3/26/14,2178597.6
3/25/14,2453784.169
3/24/14,2197695.78
3/23/14,2852564
3/22/14,2932911.13
3/21/14,2458598
3/20/14,2633154.6
3/19/14,2778419.646
3/18/14,2364889.67
3/17/14,2279145
3/16/14,4518329.044
3/15/14,2514362.4
3/14/14,2790767.94
3/13/14,4140207.62
3/12/14,2724023.79
3/11/14,2707735.7
3/10/14,2907116.532
3/9/14,2574416.61
3/8/14,2623414.88
3/7/14,4662565.819
3/6/14,2602004.4
3/5/14,2670129.28
3/4/14,3372548.866
3/3/14,2366891.73
3/2/14,2375406
3/1/14,2801268.272
2/28/14,2122551
2/27/14,2725128.55
2/26/14,3619080.477
2/25/14,2657039.82
2/24/14,2253504
2/23/14,3270586.352
2/22/14,2858697.97
2/21/14,2483565.76
2/20/14,3495121.255
2/19/14,2499200.3
2/18/14,2987376.84
2/17/14,2812243.331
2/16/14,2672004
2/15/14,3015246
2/14/14,3351094.459
2/13/14,3220703.2
2/12/14,2861830.86
2/11/14,3177455.329
2/10/14,2804620
2/9/14,2552270
2/8/14,4306013.779
2/7/14,3101609
2/6/14,3075109.2
2/5/14,4108104.597
2/4/14,3430400
2/3/14,3428753.9
2/2/14,4381020.869
2/1/14,3654462.63
1/31/14,4028542.63
1/30/14,4021343.526
1/29/14,3207871.81
1/28/14,3184666.8
1/27/14,6040771.824
1/26/14,3136749
1/25/14,3316174.47
1/24/14,4577168.705
1/23/14,3879215.6
1/22/14,3630947.32
1/21/14,3904490.234
1/20/14,3550168.96
1/19/14,3815931.36
1/18/14,3693311.746
1/17/14,3275853.11
1/16/14,3044327
1/15/14,4217005.955
1/14/14,3640023.8
1/13/14,3169736.5
1/12/14,5090195.225
1/11/14,4051611
1/10/14,4626025.95
1/9/14,4930974.514
1/8/14,3671204.29
1/7/14,4076107.31
1/6/14,4914913.512
1/5/14,4160971.34
1/4/14,4043648
1/3/14,3468549.239
1/2/14,3296592.69
1/1/14,2775832.62
12/31/13,3691241.379
12/30/13,3096516
12/29/13,3594982.4
12/28/13,3158649.968
12/27/13,2884318.71
12/26/13,3139657.88
12/25/13,2685430.988
12/24/13,2837597.84
12/23/13,2693937.74
12/22/13,2751604.737
12/21/13,2650557
12/20/13,2504512.5
12/19/13,3193166.806
12/18/13,3535995
12/17/13,3035210.88
12/16/13,9363103.162
12/15/13,3430851
12/14/13,3783686.37
12/13/13,4409921.932
12/12/13,3639336
12/11/13,3521703
12/10/13,4710243.707
12/9/13,4726127.12
12/8/13,4256577
12/7/13,4611581.737
12/6/13,3505537.8
12/5/13,4731942
12/4/13,5249021.669
12/3/13,5117346
12/2/13,5057260
12/1/13,8881509.009
11/30/13,4745240
11/29/13,4504479.12
11/28/13,4735006.892
11/27/13,4623238
11/26/13,4015058
11/25/13,4237394.831
11/24/13,3678466
11/23/13,3596751.72
11/22/13,3350220.149
11/21/13,3175653
11/20/13,2589383.7
11/19/13,2777584.298
11/18/13,2187880.93
11/17/13,2405535
11/16/13,2334241.727
11/15/13,2130799.95
11/14/13,1752786.32
11/13/13,1623511.206
11/12/13,1850107.36
11/11/13,1679492.75
11/10/13,1508529.579
11/9/13,1262461.32
11/8/13,1308087.36
11/7/13,1054946.583
11/6/13,1159633.44
11/5/13,1076302.64
11/4/13,1170149.91
11/3/13,1140581.7
11/2/13,1018529.4
11/1/13,1096101.386
10/31/13,972503.4
10/30/13,1059460.55
10/29/13,876349.1573
10/28/13,798457.59
10/27/13,886657.5
10/26/13,1091202.351
10/25/13,903581.88
10/24/13,1044809.26
10/23/13,1152128.035
10/22/13,1061934.45
10/21/13,1201693.48
10/20/13,999159.7478
10/19/13,899308.17
10/18/13,909425.5
10/17/13,609714.5372
10/16/13,646991.62
10/15/13,781625.13
10/14/13,919728.2514
10/13/13,878457.06
10/12/13,746783.44
10/11/13,640204.8917
10/10/13,564818.52
10/9/13,620012.72
10/8/13,950386.1981
10/7/13,484957.44
10/6/13,476725.2
10/5/13,707536.0026
10/4/13,644124.51
10/3/13,546926
10/2/13,1216619.888
10/1/13,455489.2
9/30/13,627414.96
9/29/13,553727.7408
9/28/13,540453.9
9/27/13,544203
9/26/13,577564.3717
9/25/13,532926.55
9/24/13,668088.4
9/23/13,674971.358
9/22/13,684114.22
9/21/13,635632.06
9/20/13,743042.813
9/19/13,602542.8
9/18/13,618762.6
9/17/13,615657.562
9/16/13,575933.4
9/15/13,536089.08
9/14/13,899652.5269
9/13/13,673938.72
9/12/13,676858.04
9/11/13,643434.171
9/10/13,626456.8
9/9/13,577218.42
9/8/13,485841.5715
9/7/13,444056.97
9/6/13,492855.3
9/5/13,563466.2278
9/4/13,511611.59
9/3/13,554360.76
9/2/13,761019.3464
9/1/13,775828.63
8/31/13,729321.5
8/30/13,659988.334
8/29/13,610597.47
8/28/13,596683.12
8/27/13,476767.1788
8/26/13,511329.52
8/25/13,458603.6
8/24/13,668645.9991
8/23/13,508919.62
8/22/13,581466.8
8/21/13,727797.4124
8/20/13,568944
8/19/13,477976.3
8/18/13,493169.1761
8/17/13,492030.38
8/16/13,462826.56
8/15/13,607911.6058
8/14/13,416608.92
8/13/13,389416.79
8/12/13,580187.5558
8/11/13,603616.14
8/10/13,559024.6038
8/9/13,527375.2136
8/8/13,536563.5
8/7/13,519588.1
8/6/13,511368.1597
8/5/13,509301.2117
8/4/13,513592.8
8/3/13,457379.8531
8/2/13,467411.445
8/1/13,505450.5
7/31/13,545157.6382
7/30/13,526876.861
7/29/13,475057.7068
7/28/13,411693.0567
7/27/13,439956.0444
7/26/13,395575.1546
7/25/13,367147.5774
7/24/13,332755.8
7/23/13,363439.0512
7/22/13,386439.9239
7/21/13,414973.548
7/20/13,435894.891
7/19/13,391613.0213
7/18/13,397743.2716
7/17/13,391160.8433
7/16/13,481548.6972
7/15/13,401039.34
7/14/13,422816.4377
7/13/13,391012.1094
7/12/13,364781
7/11/13,406554.6
7/10/13,379783.4361
7/9/13,338011.246
7/8/13,386219.2246
7/7/13,338639.2731
7/6/13,332859.864
7/5/13,328076.0206
7/4/13,367089.5158
7/3/13,340825.8
7/2/13,364651.2
7/1/13,388930.4703
6/30/13,350888.288
6/29/13,397483.5
6/28/13,445143.5211
6/27/13,410408.7601
6/26/13,429970.6118
6/25/13,407676.7852
6/24/13,388045.8044
6/23/13,368313.3283
6/22/13,500599.4179
6/21/13,473996.05
6/20/13,486180
6/19/13,369143.3068
6/18/13,340866.435
6/17/13,395839.5031
6/16/13,474220.2792
6/15/13,470400
6/14/13,452440.8013
6/13/13,517965.9508
6/12/13,530067
6/11/13,545461.0164
6/10/13,494760.6656
6/9/13,475927.2243
6/8/13,414659.065
6/7/13,483513.3349
6/6/13,448349.2157
6/5/13,542260.0801
6/4/13,674785.5494
6/3/13,640691.0718
6/2/13,632880.1055
6/1/13,750633.183
5/31/13,644576.0561
5/30/13,598246.7026
5/29/13,568010.4812
5/28/13,552544.7249
5/27/13,526629.384
5/26/13,548644.8135
5/25/13,543560.6256
5/24/13,577864.95
5/23/13,548198.0192
5/22/13,512482.26
5/21/13,515701.2
5/20/13,398718.8839
5/19/13,429152.385
5/18/13,471151.0418
5/17/13,490901.8107
5/16/13,512027.37
5/15/13,423762.2637
5/14/13,490866.1241
5/13/13,443751
5/12/13,535813.5888
5/11/13,558237.023
5/10/13,512145.2
5/9/13,498374.8
5/8/13,500229.1676
5/7/13,469929.8412
5/6/13,474770.45
5/5/13,470673.009
5/4/13,458356.3589
5/3/13,435864.2627
5/2/13,409938.7622
5/1/13,383775.1097
4/30/13,442507.288
4/29/13,631409.784
4/28/13,645240.0912
4/27/13,572109.8879
4/26/13,619929.3709
4/25/13,589864.35
4/24/13,608258.0403
4/23/13,560371.0006
4/22/13,546637.3368
4/21/13,505793.925
4/20/13,463338.7351
4/19/13,454813.92
4/18/13,380032.74
4/17/13,309900.4091
4/16/13,362002.3577
4/15/13,420602
4/14/13,407971.6729
4/13/13,375375
4/12/13,440080.4598
4/11/13,657821.2131
4/10/13,513594.8788
4/9/13,924462
4/8/13,656770.228
4/7/13,786232
4/6/13,656408.77
4/5/13,606454.7816
4/4/13,525157.6
4/3/13,538423.8802
4/2/13,531299.5037
4/1/13,481891.36
3/31/13,564112.585
3/30/13,404294.0084
3/29/13,381744.9581
3/28/13,411945.3
3/27/13,278619.258
3/26/13,285191.2
3/25/13,307554
3/24/13,327529.7201
3/23/13,382956.3
3/22/13,334656
3/21/13,395885.9642
3/20/13,414829.8
3/19/13,298596.136
3/18/13,245889.7964
3/17/13,214949.15
3/16/13,242238.3414
3/15/13,223424.6319
3/14/13,203742.2156
3/13/13,221251.1652
3/12/13,173259.7237
3/11/13,135053.13
3/10/13,224663.0282
3/9/13,190417.3278
3/8/13,197341.6937
3/7/13,159240.9
3/6/13,174165.5349
3/5/13,195225
3/4/13,152192.04
3/3/13,144564.6515
3/2/13,130978.3689
3/1/13,130023.7632
2/28/13,141117.8495
2/27/13,145256.0434
2/26/13,160997.0799
2/25/13,166362.7908
2/24/13,149404.7994
2/23/13,125614.5544
2/22/13,141471.7595
2/21/13,126106.981
2/20/13,148166.1966
2/19/13,115304.2167
2/18/13,120917.958
2/17/13,108978.8016
2/16/13,146673.5064
2/15/13,129340.89
2/14/13,120226.4579
2/13/13,112723.8232
2/12/13,103773.5602
2/11/13,93364.60131
2/10/13,123391.2907
2/9/13,97835.20494
2/8/13,81551.59677
2/7/13,96945.23476
2/6/13,82951.75
2/5/13,82839.5337
2/4/13,88185.45587
2/3/13,93609.35
2/2/13,86793.96
2/1/13,87344.88278
1/31/13,82516.2
1/30/13,102692.56
1/29/13,89221.14849
1/28/13,81180
1/27/13,69039.9
1/26/13,77859.51379
1/25/13,66917.94948
1/24/13,66204.322
1/23/13,62405.33871
1/22/13,59714.3155
1/21/13,56798.11
1/20/13,59220.96352
1/19/13,52961.37
1/18/13,56844.82752
1/17/13,43307.45598
1/16/13,47878.29
1/15/13,45756.235
1/14/13,65275.00502
1/13/13,55555.5
1/12/13,44161.158
1/11/13,46836.76463
1/10/13,43886.66931
1/9/13,54444.64
1/8/13,57332.7337
1/7/13,50189.07
1/6/13,56968.815
1/5/13,51396.72549
1/4/13,50872.74
1/3/13,48118.33062
1/2/13,54865.25154
1/1/13,52648.6
12/31/12,55912.003
12/30/12,66021.01086
12/29/12,54754.8693
12/28/12,46204.6
12/27/12,65673.98493
12/26/12,54688.2
12/25/12,48624.6081
12/24/12,52304.3831
12/23/12,43107.25
12/22/12,46956.40654
12/21/12,46425.99536
12/20/12,41761.35
12/19/12,37455.6
12/18/12,45361.62694
12/17/12,42702.613
12/16/12,42950.636
12/15/12,43350.76088
12/14/12,40986.0672
12/13/12,36587.93208
12/12/12,56395.37034
12/11/12,44357.24748
12/10/12,49854.16345
12/9/12,48494.01351
12/8/12,44297.22
12/7/12,46070
12/6/12,59807.81948
12/5/12,49361.8128
12/4/12,40851
12/3/12,60848.22776
12/2/12,47774.50968
12/1/12,48057.2
11/30/12,48560.49666
11/29/12,41061.9
11/28/12,52348.845
11/27/12,115927.767
11/26/12,96217.79321
11/25/12,100921.0155
11/24/12,114047.4035
11/23/12,100800.5176
11/22/12,90403.39
11/21/12,103354.9548
11/20/12,91113.888
11/19/12,94459.52
11/18/12,114996.6284
11/17/12,94360.2
11/16/12,83508.6
11/15/12,91170.6079
11/14/12,75897.506
11/13/12,79803.1
11/12/12,84913.03936
11/11/12,79020.24
11/10/12,72383.363
11/9/12,123377.1731
11/8/12,80478.9
11/7/12,90192.6333
11/6/12,140544.9919
11/5/12,74291.37534
11/4/12,83657.5
11/3/12,107562.8906
11/2/12,76008.9549
11/1/12,81552.67725
10/31/12,113345.5004
10/30/12,77679.22
10/29/12,81082.05
10/28/12,110126.6327
10/27/12,89781.82
10/26/12,96606.49179
10/25/12,97484.78171
10/24/12,81009.78
10/23/12,92456.04
10/22/12,102393.0894
10/21/12,98294.63
10/20/12,93451.873
10/19/12,99483.03746
10/18/12,95341.089
10/17/12,92905.12464
10/16/12,125996.0422
10/15/12,91423.75
10/14/12,94664.07
10/13/12,112072.8323
10/12/12,88891.388
10/11/12,91951.2
10/10/12,109174.9999
10/9/12,90784.8
10/8/12,89833.9
10/7/12,176191.8126
10/6/12,87540.7137
10/5/12,91886.62877
10/4/12,104693.9176
10/3/12,89390.9271
10/2/12,89306.0077
10/1/12,108206.8349
9/30/12,92546.615
9/29/12,94959.62388
9/28/12,166566.004
9/27/12,102750.108
9/26/12,89300.82
9/25/12,112594.2008
9/24/12,91314.61503
9/23/12,96263.33376
9/22/12,146361.7193
9/21/12,107199.0295
9/20/12,102810.1118
9/19/12,115732.1081
9/18/12,90438.92
9/17/12,101181.21
9/16/12,168994.7364
9/15/12,90092.86
9/14/12,84551.634
9/13/12,120956.6932
9/12/12,82870.73
9/11/12,80482.9597
9/10/12,98340.16831
9/9/12,80359.194
9/8/12,85465.8896
9/7/12,117850.4533
9/6/12,97297.22
9/5/12,104193.76
9/4/12,99789.05076
9/3/12,68115.562
9/2/12,94878
9/1/12,111625.4431
8/31/12,85214.76
8/30/12,77823.4338
8/29/12,113713.5593
8/28/12,93311.95676
8/27/12,85617.0061
8/26/12,118674.3893
8/25/12,93681.96486
8/24/12,67352.75
8/23/12,102342.3082
8/22/12,84777.75
8/21/12,76683.24
8/20/12,124904.2564
8/19/12,99519
8/18/12,95016
8/17/12,107047.2823
8/16/12,110572
8/15/12,107020.0811
8/14/12,107128.3285
8/13/12,99513.54677
8/12/12,91102.17325
8/11/12,119740.5996
8/10/12,91820.41596
8/9/12,95642
8/8/12,104668.0501
8/7/12,95354.71448
8/6/12,82468.8
8/5/12,84261.49321
8/4/12,81373.5106
8/3/12,85021.2
8/2/12,92851.37169
8/1/12,75646.2
7/31/12,67447.8
7/30/12,133580.7962
7/29/12,84829.65
7/28/12,64596.363
7/27/12,101768.2993
7/26/12,75314.25
7/25/12,79370.2
7/24/12,86528.60577
7/23/12,72280.32
7/22/12,69211.6
7/21/12,73600.43588
7/20/12,73021.6
7/19/12,64450.179
7/18/12,85020.12266
7/17/12,71197.34925
7/16/12,84176.3
7/15/12,80820.28011
7/14/12,57105.71682
7/13/12,57405.40206
7/12/12,78642.59144
7/11/12,55383.12
7/10/12,49833.819
7/9/12,66511.01939
7/8/12,56995.44
7/7/12,52981.44
7/6/12,59266.0586
7/5/12,51599.66238
7/4/12,46462.51
7/3/12,69634.4933
7/2/12,49161.255
7/1/12,54425.25
6/30/12,45449.15431
6/29/12,47614.002
6/28/12,46707.282
6/27/12,55523.1402
6/26/12,53211.39935
6/25/12,47862.9366
6/24/12,46247.49918
6/23/12,46245.964
6/22/12,53969.7813
6/21/12,54405.55516
6/20/12,41656.8
6/19/12,45359.58179
6/18/12,79953.98912
6/17/12,50932.5168
6/16/12,53376.13826
6/15/12,58153.49266
6/14/12,49227.525
6/13/12,43643.25
6/12/12,50849.53104
6/11/12,39968.4
6/10/12,42810.874
6/9/12,52582.37045
6/8/12,47720.31628
6/7/12,41974.56
6/6/12,45358.34739
6/5/12,46292.61
6/4/12,37559.5
6/3/12,42083.855
6/2/12,41669.7839
6/1/12,41223.711
5/31/12,45140.54334
5/30/12,37954.47
5/29/12,31117.76
5/28/12,37701.91839
5/27/12,35707.2
5/26/12,42290.82
5/25/12,31620.93311
5/24/12,29967.85
5/23/12,35423.348
5/22/12,30649.05003
5/21/12,30023.68
5/20/12,34066.155
5/19/12,41472.37171
5/18/12,37712.95903
5/17/12,37012.95
5/16/12,32898.76674
5/15/12,28570.05774
5/14/12,33436.21
5/13/12,40563.40837
5/12/12,33042.5968
5/11/12,34310
5/10/12,36001.3475
5/9/12,36946.125
5/8/12,41859.28326
5/7/12,49033.4035
5/6/12,43610.632
5/5/12,43892.192
5/4/12,45386.48736
5/3/12,39964
5/2/12,43068.672
5/1/12,47536.71701
4/30/12,44780
4/29/12,42270
4/28/12,47234.0094
4/27/12,39942.868
4/26/12,32395.1832
4/25/12,39216.58341
4/24/12,35629.8
4/23/12,32006
4/22/12,40283.54044
4/21/12,39725.4585
4/20/12,40310.88
4/19/12,45875.24105
4/18/12,40507.95
4/17/12,31612.911
4/16/12,40866.6136
4/15/12,33136.92
4/14/12,29175.69206
4/13/12,33818.667
4/12/12,31171.01056
4/11/12,34391.88
4/10/12,47035.85649
4/9/12,35054.6
4/8/12,36254.4
4/7/12,34986.86048
4/6/12,32882.94
4/5/12,30523.84
4/4/12,39775.79774
4/3/12,35053.41
4/2/12,32084.04
4/1/12,39046.67293
3/31/12,36987.216
3/30/12,40362.3
3/29/12,40521.01127
3/28/12,33802.83768
3/27/12,38544.44768
3/26/12,48194.03889
3/25/12,36041.43351
3/24/12,39163.42722
3/23/12,33626.45892
3/22/12,31409.49
3/21/12,38078.64
3/20/12,61229.13166
3/19/12,36871.92
3/18/12,41969.4496
3/17/12,57260.62476
3/16/12,46459.8792
3/15/12,38647.8
3/14/12,45828.19742
3/13/12,37593.582
3/12/12,41170.1
3/11/12,36645.37157
3/10/12,33198.47
3/9/12,42755.7
3/8/12,43451.87545
3/7/12,39020
3/6/12,37791.78
3/5/12,37247.69063
3/4/12,33284.16
3/3/12,31864.7
3/2/12,36950.81103
3/1/12,33196.00752
2/29/12,38906.74326
2/28/12,42691.76534
2/27/12,37525
2/26/12,40310.4
2/25/12,56112.09572
2/24/12,42354.78
2/23/12,37704.69612
2/22/12,38594.82602
2/21/12,35652.62
2/20/12,28399.8662
2/19/12,36583.91551
2/18/12,34025.30716
2/17/12,39360.05275
2/16/12,34413.39753
2/15/12,30574.83912
2/14/12,34721.2
2/13/12,41644.24769
2/12/12,42064.88
2/11/12,46817.55
2/10/12,44917.02323
2/9/12,43592.06425
2/8/12,41789
2/7/12,43025.43207
2/6/12,40854.97845
2/5/12,42869.16
2/4/12,52294.92756
2/3/12,49248
2/2/12,49227.036
2/1/12,42120.09714
1/31/12,38095.966
1/30/12,44787.55
1/29/12,60775.66409
1/28/12,48216.96
1/27/12,44582.6514
1/26/12,53094.35027
1/25/12,40343.4
1/24/12,50032.65
1/23/12,69907.02593
1/22/12,55214.7869
1/21/12,41554.17
1/20/12,47612.06934
1/19/12,45684.94
1/18/12,42884.1
1/17/12,82888.59326
1/16/12,55302.54
1/15/12,57007.8184
1/14/12,60879.00752
1/13/12,54074.25
1/12/12,42583.74345
1/11/12,78929.96534
1/10/12,54284.49
1/9/12,50324.56
1/8/12,68157.27053
1/7/12,57981.6
1/6/12,63518.88024
1/5/12,53694.6972
1/4/12,47064.645
1/3/12,43246.9982
1/2/12,63012.48932
1/1/12,41826.7395
12/31/11,38755.6
12/30/11,41489.40637
12/29/11,27532.9
12/28/11,30327.32
12/27/11,50801.95378
12/26/11,32285.12
12/25/11,37101.21177
12/24/11,31411.92028
12/23/11,26077.2398
12/22/11,30031.85
12/21/11,42582.94941
12/20/11,31864.83
12/19/11,30397.5
12/18/11,24881.54452
12/17/11,23897.25
12/16/11,23585.46
12/15/11,19259.61713
12/14/11,19664.3414
12/13/11,23604.231
12/12/11,21997.07927
12/11/11,23413.30185
12/10/11,24809.2
12/9/11,23338.95245
12/8/11,22950.528
12/7/11,23879.3
12/6/11,32130.8212
12/5/11,24256.65
12/4/11,23448.79
12/3/11,36127.80137
12/2/11,23487.44496
12/1/11,24645.852
11/30/11,30557.73897
11/29/11,21609.577
11/28/11,20729.874
11/27/11,14874.48031
11/26/11,14235.043
11/25/11,16081.03125
11/24/11,14049.8589
11/23/11,13783.38
11/22/11,15596.14
11/21/11,21813.13031
11/20/11,15462.08
11/19/11,16003.596
11/18/11,16966.06016
11/17/11,15661.53894
11/16/11,18857.44812
11/15/11,25231.09067
11/14/11,23276.57
11/13/11,20610.06
11/12/11,33341.11236
11/11/11,20998.72
11/10/11,18306
11/9/11,40049.81447
11/8/11,26322.642
11/7/11,21677.13
11/6/11,24416.6465
11/5/11,22576.1
11/4/11,24084.63
11/3/11,21322.41978
11/2/11,20955.248
11/1/11,25982.32
10/31/11,24243.79541
10/30/11,23214.576
10/29/11,17714.71178
10/28/11,16284.43568
10/27/11,16610.265
10/26/11,17543.0248
10/25/11,21655.21251
10/24/11,19769.12
10/23/11,19689.6
10/22/11,14022.04801
10/21/11,15516.6
10/20/11,18773.57804
10/19/11,19463.36726
10/18/11,17497.88397
10/17/11,18423.7
10/16/11,25476.98537
10/15/11,23998.3368
10/14/11,28564.65
10/13/11,21958.34876
10/12/11,20265.3
10/11/11,25043.23848
10/10/11,27264.67587
10/9/11,25143.06111
10/8/11,27005.517
10/7/11,55507.88164
10/6/11,31064.25
10/5/11,32814.08
10/4/11,29873.03881
10/3/11,32710.09
10/2/11,33036.16914
10/1/11,41405.60289
9/30/11,36055.9
9/29/11,32918.55
9/28/11,37507.33303
9/27/11,33196.806
9/26/11,34905.74472
9/25/11,40765.10463
9/24/11,39066.5
9/23/11,35131.62
9/22/11,48227.94958
9/21/11,43748.39504
9/20/11,46552.5692
9/19/11,33183.59674
9/18/11,34193.6
9/17/11,41770
9/16/11,34345.02191
9/15/11,32985.61
9/14/11,42123.07
9/13/11,52318.0115
9/12/11,42525
9/11/11,46061.905
9/10/11,48374.1114
9/9/11,44424.8226
9/8/11,48628.58
9/7/11,64247.12464
9/6/11,55914.61928
9/5/11,57474.41778
9/4/11,59178.41878
9/3/11,54219.54599
9/2/11,61920.2628
9/1/11,59035.76787
8/31/11,53695.5557
8/30/11,68040
8/29/11,65462.75868
8/28/11,59304.2805
8/27/11,54073.92
8/26/11,80585.40348
8/25/11,79361.5
8/24/11,70245.24924
8/23/11,135219.9945
8/22/11,97722.45
8/21/11,101289.307
8/20/11,127630.5468
8/19/11,85606.288
8/18/11,79800.17
8/17/11,80734.29912
8/16/11,72964.1
8/15/11,76917.42
8/14/11,75591.58173
8/13/11,69227.16
8/12/11,64380.3
8/11/11,91137.93735
8/10/11,70931.2922
8/9/11,88906.3
8/8/11,66178.7171
8/7/11,57411.62
8/6/11,63425.6
8/5/11,80573.34067
8/4/11,79764.3
8/3/11,76484.80233
8/2/11,108341.1194
8/1/11,98951.65
7/31/11,118658.2257
7/30/11,107719.3804
7/29/11,104962.8
7/28/11,111172.8
7/27/11,124885.481
7/26/11,127297.17
7/25/11,121795.2
7/24/11,115761.1395
7/23/11,123121.8512
7/22/11,101045.28
7/21/11,106678.2045
7/20/11,108151.9251
7/19/11,100540.44
7/18/11,119733.4099
7/17/11,104866.166
7/16/11,118129.52
7/15/11,115561.0013
7/14/11,115300.9
7/13/11,108767.4
7/12/11,106436.1997
7/11/11,105582.8146
7/10/11,113436.8537
7/9/11,115601.4178
7/8/11,118695
7/7/11,115177.6419
7/6/11,120837.229
7/5/11,128997
7/4/11,113505
7/3/11,134692.5702
7/2/11,125788.4
7/1/11,144567.83
6/30/11,165999.5952
6/29/11,158690
6/28/11,153451
6/27/11,149441.1702
6/26/11,144504
6/25/11,136087.7977
6/24/11,175009.3676
6/23/11,201252.4515
6/22/11,190656
6/21/11,217598.7991
6/20/11,179304
6/19/11,201624.35
6/18/11,186404.1146
6/17/11,174236
6/16/11,175089.894
6/15/11,292369.0999
6/14/11,282840
6/13/11,236830.17
6/12/11,339684.6284
6/11/11,298405.59
6/10/11,349080
6/9/11,357650.6825
6/8/11,335412
6/7/11,293220.0711
6/6/11,222490.7212
6/5/11,240874.98
6/4/11,198016.154
6/3/11,117192.9836
6/2/11,145516.8
6/1/11,100679.25
5/31/11,72236.3175
5/30/11,71438.496
5/29/11,68985
5/28/11,69835.8869
5/27/11,67809.805
5/26/11,88450.72
5/25/11,112473.0358
5/24/11,109803.71
5/23/11,106336.8
5/22/11,84071.53717
5/21/11,84085.81
5/20/11,70453.8084
5/19/11,67163.57552
5/18/11,66559.12
5/17/11,111543.084
5/16/11,105594.0693
5/15/11,95327.5
5/14/11,97589.7
5/13/11,68523.87773
5/12/11,85015.45
5/11/11,48819.5859
5/10/11,39679.07234
5/9/11,52036.4
5/8/11,49058.957
5/7/11,39120.09118
5/6/11,40537.2
5/5/11,35850.4082
5/4/11,34595.83689
5/3/11,33311.9
5/2/11,36135.46
5/1/11,38342.74185
4/30/11,40126.99
4/29/11,38424.47964
4/28/11,17398.05666
4/27/11,21083.4
4/26/11,18540.6
4/25/11,18349.46807
4/24/11,16001.307
4/23/11,15418.65
4/22/11,10830.5067
4/21/11,11527.128
4/20/11,9886.2687
4/19/11,9246.781539
4/18/11,8395.45
4/17/11,9361.6198
4/16/11,9541.512165
4/15/11,9146.535
4/14/11,7359.61248
4/13/11,8927.735752
4/12/11,10053
4/11/11,7493.538
4/10/11,6818.553041
4/9/11,6378.546095
4/8/11,6105.4904
4/7/11,5589.78015
4/6/11,6220.6731
4/5/11,5201.25502
4/4/11,11287.77428
4/3/11,7113.95
4/2/11,6680.7294
4/1/11,8883.6
3/31/11,7002.13741
3/30/11,8093.10192
3/29/11,6848.872884
3/28/11,6162.4
3/27/11,6992.055
3/26/11,6323.102989
3/25/11,6383.87
3/24/11,7214.34
3/23/11,6698.127786
3/22/11,6303.6
3/21/11,5046.565906
3/20/11,5783.875805
3/19/11,4938.29
3/18/11,4491.624
3/17/11,6275.73656
3/16/11,5764.88
3/15/11,6497.89
3/14/11,5279.662045
3/13/11,5266.8
3/12/11,5472.5396
3/11/11,5790.858184
3/10/11,6302.6724
3/9/11,5178.24
3/8/11,8785.1036
3/7/11,8758.1088
3/6/11,10685.295
3/5/11,13068.73498
3/4/11,12176.35715
3/3/11,9345.9792
3/2/11,8342.448819
3/1/11,8025.81
2/28/11,6305
2/27/11,12153.0584
2/26/11,13008
2/25/11,12406.51585
2/24/11,10022.65931
2/23/11,10163.93
2/22/11,11542.5
2/21/11,9212.3854
2/20/11,8180.28
2/19/11,8976.0224
2/18/11,11235.5565
2/17/11,11342.052
2/16/11,12602.28
2/15/11,12366.26294
2/14/11,11501
2/13/11,10046.16
2/12/11,10094.76413
2/11/11,10354.05
2/10/11,9612.075
2/9/11,8827.059621
2/8/11,8555.25
2/7/11,7740
2/6/11,8142.111436
2/5/11,8050
2/4/11,8387.805
2/3/11,8446.285516
2/2/11,5587.5
2/1/11,6804.8019
1/31/11,4176.3648
1/30/11,3751.5
1/29/11,3936
1/28/11,3483.0258
1/27/11,3667.5
1/26/11,3339.2
1/25/11,3476.056786
1/24/11,3315
1/23/11,3987
1/22/11,3718.206463
1/21/11,3525.18
1/20/11,3916
1/19/11,3363.019
1/18/11,3009.885
1/17/11,3016.962
1/16/11,3600.034511
1/15/11,3460
1/14/11,3440
1/13/11,3456.008978
1/12/11,3746.25
1/11/11,2922.5
1/10/11,2688.02523
1/9/11,2747.15
1/8/11,2454.7848
1/7/11,2550.016058
1/6/11,2318.4
1/5/11,2197.65
1/4/11,2115.009387
1/3/11,2129.2829
1/2/11,2459.9836
1/1/11,2775.026746
12/31/10,2669.9822
12/30/10,2459.9918
12/29/10,2508.539366
12/28/10,2588.6
12/27/10,2366
12/26/10,1837.526411
12/25/10,1984.49265
12/24/10,2025
12/23/10,1911.0156
12/22/10,1787.5
12/21/10,2109.3
12/20/10,2145.017418
12/19/10,2186.25
12/18/10,2299.08
12/17/10,2100.058608
12/16/10,2205.75
12/15/10,2286.87
12/14/10,1932.011252
12/13/10,1874.5
12/12/10,1728.848
12/11/10,1900.524622
12/10/10,1956.5
12/9/10,1530
12/8/10,2806.0092
12/7/10,2860.935
12/6/10,2632.9
12/5/10,3112.5075
12/4/10,2796.5
12/3/10,2834.955
12/2/10,2185.0138
12/1/10,2412.5
11/30/10,1991.25
11/29/10,3066.0084
11/28/10,2957.4
11/27/10,2362.263
11/26/10,2828.1036
11/25/10,2933.35
11/24/10,2150.724
11/23/10,2016.1372
11/22/10,2072.88
11/21/10,2256
11/20/10,1652.2828
11/19/10,1661.75
11/18/10,2348.9
11/17/10,3654
11/16/10,3500
11/15/10,2558.435
11/14/10,4170
11/13/10,3558.1
11/12/10,3285
11/11/10,2847
11/10/10,2784
11/9/10,2573.655
11/8/10,6509.8901
11/7/10,4828.5
11/6/10,6199.9876
11/5/10,2724
11/4/10,2626.905
11/3/10,2253.8955
11/2/10,1780
11/1/10,1642.2
10/31/10,1856.5
10/30/10,2489
10/29/10,2302.8
10/28/10,2244.25
10/27/10,2080.5
10/26/10,2014
10/25/10,2299
10/24/10,1345.5
10/23/10,1795.5
10/22/10,948.387
10/21/10,930.0007766
10/20/10,1269.85
10/19/10,1205.1
10/18/10,1305.002
10/17/10,1344.15
10/16/10,1473.45
10/15/10,1006.5
10/14/10,1100.75
10/13/10,1008
10/12/10,978
10/11/10,792
10/10/10,1073.325
10/9/10,790
10/8/10,918.0765
10/7/10,682
10/6/10,519.0000001
10/5/10,481.08
10/4/10,387.5115
10/3/10,372.000466
10/2/10,371.47
10/1/10,337.89455
9/30/10,438
9/29/10,436.536
9/28/10,550.44369
9/27/10,687.0012
9/26/10,740.2514
9/25/10,613.44815
9/24/10,690
9/23/10,772.563
9/22/10,667.8
9/21/10,522
9/20/10,560.205
9/19/10,668.87
9/18/10,711.0108
9/17/10,721.665
9/16/10,657.72
9/15/10,760.5
9/14/10,1645
9/13/10,624.975
9/12/10,531.009
9/11/10,594.74085
9/10/10,502.2
9/9/10,411.0066
9/8/10,471.12
9/7/10,471.276
9/6/10,486
9/5/10,540.8
9/4/10,509.49
9/3/10,504
9/2/10,507.2
9/1/10,474.895
8/31/10,644.014
8/30/10,568.4875
8/29/10,514.05
8/28/10,595.0000001
8/27/10,581.75
8/26/10,578.5
8/25/10,770
8/24/10,754.775
8/23/10,685.61225
8/22/10,742
8/21/10,660.68
8/20/10,615.4708
8/19/10,479.5
8/18/10,481.6
8/17/10,492.174
8/16/10,0
8/15/10,0
8/14/10,0
8/13/10,0
8/12/10,0
8/11/10,0
8/10/10,0
8/9/10,0
8/8/10,0
8/7/10,0
8/6/10,0
8/5/10,0
8/4/10,0
8/3/10,0
8/2/10,0
8/1/10,0
7/31/10,0
7/30/10,0
7/29/10,0
7/28/10,0
7/27/10,0
7/26/10,0
7/25/10,0
7/24/10,0
7/23/10,0
7/22/10,0
7/21/10,0
7/20/10,0
7/19/10,0
7/18/10,0
7/17/10,0
7/16/10,0
7/15/10,0
7/14/10,0
7/13/10,0
7/12/10,0
7/11/10,0
7/10/10,0
7/9/10,0
7/8/10,0
7/7/10,0
7/6/10,0
7/5/10,0
7/4/10,0
7/3/10,0
7/2/10,0
7/1/10,0
6/30/10,0
6/29/10,0
6/28/10,0
6/27/10,0
6/26/10,0
6/25/10,0
6/24/10,0
6/23/10,0
6/22/10,0
6/21/10,0
6/20/10,0
6/19/10,0
6/18/10,0
6/17/10,0
6/16/10,0
6/15/10,0
6/14/10,0
6/13/10,0
6/12/10,0
6/11/10,0
6/10/10,0
6/9/10,0
6/8/10,0
6/7/10,0
6/6/10,0
6/5/10,0
6/4/10,0
6/3/10,0
6/2/10,0
6/1/10,0
5/31/10,0
5/30/10,0
5/29/10,0
5/28/10,0
5/27/10,0
5/26/10,0
5/25/10,0
5/24/10,0
5/23/10,0
5/22/10,0
5/21/10,0
5/20/10,0
5/19/10,0
5/18/10,0
5/17/10,0
5/16/10,0
5/15/10,0
5/14/10,0
5/13/10,0
5/12/10,0
5/11/10,0
5/10/10,0
5/9/10,0
5/8/10,0
5/7/10,0
5/6/10,0
5/5/10,0
5/4/10,0
5/3/10,0
5/2/10,0
5/1/10,0
4/30/10,0
4/29/10,0
4/28/10,0
4/27/10,0
4/26/10,0
4/25/10,0
4/24/10,0
4/23/10,0
4/22/10,0
4/21/10,0
4/20/10,0
4/19/10,0
4/18/10,0
4/17/10,0
4/16/10,0
4/15/10,0
4/14/10,0
4/13/10,0
4/12/10,0
4/11/10,0
4/10/10,0
4/9/10,0
4/8/10,0
4/7/10,0
4/6/10,0
4/5/10,0
4/4/10,0
4/3/10,0
4/2/10,0
4/1/10,0
3/31/10,0
3/30/10,0
3/29/10,0
3/28/10,0
3/27/10,0
3/26/10,0
3/25/10,0
3/24/10,0
3/23/10,0
3/22/10,0
3/21/10,0
3/20/10,0
3/19/10,0
3/18/10,0
3/17/10,0
3/16/10,0
3/15/10,0
3/14/10,0
3/13/10,0
3/12/10,0
3/11/10,0
3/10/10,0
3/9/10,0
3/8/10,0
3/7/10,0
3/6/10,0
3/5/10,0
3/4/10,0
3/3/10,0
3/2/10,0
3/1/10,0
2/28/10,0
2/27/10,0
2/26/10,0
2/25/10,0
2/24/10,0
2/23/10,0
2/22/10,0
2/21/10,0
2/20/10,0
2/19/10,0
2/18/10,0
2/17/10,0
2/16/10,0
2/15/10,0
2/14/10,0
2/13/10,0
2/12/10,0
2/11/10,0
2/10/10,0
2/9/10,0
2/8/10,0
2/7/10,0
2/6/10,0
2/5/10,0
2/4/10,0
2/3/10,0
2/2/10,0
2/1/10,0
1/31/10,0
1/30/10,0
1/29/10,0
1/28/10,0
1/27/10,0
1/26/10,0
1/25/10,0
1/24/10,0
1/23/10,0
1/22/10,0
1/21/10,0
1/20/10,0
1/19/10,0
1/18/10,0
1/17/10,0
1/16/10,0
1/15/10,0
1/14/10,0
1/13/10,0
1/12/10,0
1/11/10,0
1/10/10,0
1/9/10,0
1/8/10,0
1/7/10,0
1/6/10,0
1/5/10,0
1/4/10,0
1/3/10,0
1/2/10,0
1/1/10,0
12/31/09,0
12/30/09,0
12/29/09,0
12/28/09,0
12/27/09,0
12/26/09,0
12/25/09,0
12/24/09,0
12/23/09,0
12/22/09,0
12/21/09,0
12/20/09,0
12/19/09,0
12/18/09,0
12/17/09,0
12/16/09,0
12/15/09,0
12/14/09,0
12/13/09,0
12/12/09,0
12/11/09,0
12/10/09,0
12/9/09,0
12/8/09,0
12/7/09,0
12/6/09,0
12/5/09,0
12/4/09,0
12/3/09,0
12/2/09,0
12/1/09,0
11/30/09,0
11/29/09,0
11/28/09,0
11/27/09,0
11/26/09,0
11/25/09,0
11/24/09,0
11/23/09,0
11/22/09,0
11/21/09,0
11/20/09,0
11/19/09,0
11/18/09,0
11/17/09,0
11/16/09,0
11/15/09,0
11/14/09,0
11/13/09,0
11/12/09,0
11/11/09,0
11/10/09,0
11/9/09,0
11/8/09,0
11/7/09,0
11/6/09,0
11/5/09,0
11/4/09,0
11/3/09,0
11/2/09,0
11/1/09,0
10/31/09,0
10/30/09,0
10/29/09,0
10/28/09,0
10/27/09,0
10/26/09,0
10/25/09,0
10/24/09,0
10/23/09,0
10/22/09,0
10/21/09,0
10/20/09,0
10/19/09,0
10/18/09,0
10/17/09,0
10/16/09,0
10/15/09,0
10/14/09,0
10/13/09,0
10/12/09,0
10/11/09,0
10/10/09,0
10/9/09,0
10/8/09,0
10/7/09,0
10/6/09,0
10/5/09,0
10/4/09,0
10/3/09,0
10/2/09,0
10/1/09,0
9/30/09,0
9/29/09,0
9/28/09,0
9/27/09,0
9/26/09,0
9/25/09,0
9/24/09,0
9/23/09,0
9/22/09,0
9/21/09,0
9/20/09,0
9/19/09,0
9/18/09,0
9/17/09,0
9/16/09,0
9/15/09,0
9/14/09,0
9/13/09,0
9/12/09,0
9/11/09,0
9/10/09,0
9/9/09,0
9/8/09,0
9/7/09,0
9/6/09,0
9/5/09,0
9/4/09,0
9/3/09,0
9/2/09,0
9/1/09,0
8/31/09,0
8/30/09,0
8/29/09,0
8/28/09,0
8/27/09,0
8/26/09,0
8/25/09,0
8/24/09,0
8/23/09,0
8/22/09,0
8/21/09,0
8/20/09,0
8/19/09,0
8/18/09,0
8/17/09,0
8/16/09,0
8/15/09,0
8/14/09,0
8/13/09,0
8/12/09,0
8/11/09,0
8/10/09,0
8/9/09,0
8/8/09,0
8/7/09,0
8/6/09,0
8/5/09,0
8/4/09,0
8/3/09,0
8/2/09,0
8/1/09,0
7/31/09,0
7/30/09,0
7/29/09,0
7/28/09,0
7/27/09,0
7/26/09,0
7/25/09,0
7/24/09,0
7/23/09,0
7/22/09,0
7/21/09,0
7/20/09,0
7/19/09,0
7/18/09,0
7/17/09,0
7/16/09,0
7/15/09,0
7/14/09,0
7/13/09,0
7/12/09,0
7/11/09,0
7/10/09,0
7/9/09,0
7/8/09,0
7/7/09,0
7/6/09,0
7/5/09,0
7/4/09,0
7/3/09,0
7/2/09,0
7/1/09,0
6/30/09,0
6/29/09,0
6/28/09,0
6/27/09,0
6/26/09,0
6/25/09,0
6/24/09,0
6/23/09,0
6/22/09,0
6/21/09,0
6/20/09,0
6/19/09,0
6/18/09,0
6/17/09,0
6/16/09,0
6/15/09,0
6/14/09,0
6/13/09,0
6/12/09,0
6/11/09,0
6/10/09,0
6/9/09,0
6/8/09,0
6/7/09,0
6/6/09,0
6/5/09,0
6/4/09,0
6/3/09,0
6/2/09,0
6/1/09,0
5/31/09,0
5/30/09,0
5/29/09,0
5/28/09,0
5/27/09,0
5/26/09,0
5/25/09,0
5/24/09,0
5/23/09,0
5/22/09,0
5/21/09,0
5/20/09,0
5/19/09,0
5/18/09,0
5/17/09,0
5/16/09,0
5/15/09,0
5/14/09,0
5/13/09,0
5/12/09,0
5/11/09,0
5/10/09,0
5/9/09,0
5/8/09,0
5/7/09,0
5/6/09,0
5/5/09,0
5/4/09,0
5/3/09,0
5/2/09,0
5/1/09,0
4/30/09,0
4/29/09,0
4/28/09,0
4/27/09,0
4/26/09,0
4/25/09,0
4/24/09,0
4/23/09,0
4/22/09,0
4/21/09,0
4/20/09,0
4/19/09,0
4/18/09,0
4/17/09,0
4/16/09,0
4/15/09,0
4/14/09,0
4/13/09,0
4/12/09,0
4/11/09,0
4/10/09,0
4/9/09,0
4/8/09,0
4/7/09,0
4/6/09,0
4/5/09,0
4/4/09,0
4/3/09,0
4/2/09,0
4/1/09,0
3/31/09,0
3/30/09,0
3/29/09,0
3/28/09,0
3/27/09,0
3/26/09,0
3/25/09,0
3/24/09,0
3/23/09,0
3/22/09,0
3/21/09,0
3/20/09,0
3/19/09,0
3/18/09,0
3/17/09,0
3/16/09,0
3/15/09,0
3/14/09,0
3/13/09,0
3/12/09,0
3/11/09,0
3/10/09,0
3/9/09,0
3/8/09,0
3/7/09,0
3/6/09,0
3/5/09,0
3/4/09,0
3/3/09,0
3/2/09,0
3/1/09,0
2/28/09,0
2/27/09,0
2/26/09,0
2/25/09,0
2/24/09,0
2/23/09,0
2/22/09,0
2/21/09,0
2/20/09,0
2/19/09,0
2/18/09,0
2/17/09,0
2/16/09,0
2/15/09,0
2/14/09,0
2/13/09,0
2/12/09,0
2/11/09,0
2/10/09,0
2/9/09,0
2/8/09,0
2/7/09,0
2/6/09,0
2/5/09,0
2/4/09,0
2/3/09,0
2/2/09,0
2/1/09,0
1/31/09,0
1/30/09,0
1/29/09,0
1/28/09,0
1/27/09,0
1/26/09,0
1/25/09,0
1/24/09,0
1/23/09,0
1/22/09,0
1/21/09,0
1/20/09,0
1/19/09,0
1/18/09,0
1/17/09,0
1/16/09,0
1/15/09,0
1/14/09,0
1/13/09,0
1/12/09,0
1/11/09,0
1/10/09,0
1/9/09,0
1/8/09,0
1/7/09,0
1/6/09,0
1/5/09,0
1/4/09,0
1/3/09,0
1/2/09,0